@article{Pooser:2019rhu,
    author = "Pooser, Eric and others",
    archivePrefix = "arXiv",
    doi = "10.1016/j.nima.2019.02.029",
    eprint = "1901.02759",
    journal = "Nucl.\ Instrum.\ Meth.\ A",
    pages = "330--342",
    primaryClass = "physics.ins-det",
    title = "{The GlueX Start Counter Detector}",
    volume = "927",
    year = "2019"
}

@article{Amaryan:2017ldw,
      author         = "Adhikari, S. and others",
      title          = "{Strange Hadron Spectroscopy with a Secondary $K_L$ Beam at
                        GlueX}",
      collaboration  = "GlueX",
      year           = "2017",
      eprint         = "1707.05284",
      archivePrefix  = "arXiv",
      primaryClass   = "hep-ex",
      SLACcitation   = "%%CITATION = ARXIV:1707.05284;%%"
}

@article{AlGhoul:2017nbp,
      author         = "Al Ghoul, H. and others",
      title          = "{Measurement of the beam asymmetry $\Sigma$ for $\pi^0$
                        and $\eta$ photoproduction on the proton at $E_\gamma = 9$
                        GeV}",
      collaboration  = "GlueX",
      journal        = "Phys. Rev.",
      volume         = "C95",
      year           = "2017",
      number         = "4",
      pages          = "042201",
      doi            = "10.1103/PhysRevC.95.042201",
      eprint         = "1701.08123",
      archivePrefix  = "arXiv",
      primaryClass   = "nucl-ex",
      reportNumber   = "JLAB-PHY-17-2403",
      SLACcitation   = "%%CITATION = ARXIV:1701.08123;%%"
}

@article{Ghoul:2015ifw,
      author         = "Al Ghoul, H. and others",
      title          = "{First Results from The GlueX Experiment}",
      booktitle      = "{Proceedings, 16th International Conference on Hadron
                        Spectroscopy (Hadron 2015): Newport News, Virginia, USA,
                        September 13-18, 2015}",
      collaboration  = "GlueX",
      journal        = "AIP Conf. Proc.",
      volume         = "1735",
      year           = "2016",
      pages          = "020001",
      doi            = "10.1063/1.4949369",
      eprint         = "1512.03699",
      archivePrefix  = "arXiv",
      primaryClass   = "nucl-ex",
      reportNumber   = "JLAB-PHY-16-2195",
      SLACcitation   = "%%CITATION = ARXIV:1512.03699;%%"
}

@article{Dugger:2014xaa,
      author         = "Dugger, M. and others",
      title          = "{A study of decays to strange final states with GlueX in
                        Hall D using components of the BaBar DIRC}",
      collaboration  = "GlueX",
      year           = "2014",
      eprint         = "1408.0215",
      archivePrefix  = "arXiv",
      primaryClass   = "physics.ins-det",
      reportNumber   = "C12-12-002, SLAC-PUB-16109, JLAB-PHY-14-1962",
      SLACcitation   = "%%CITATION = ARXIV:1408.0215;%%"
}

@article{AlekSejevs:2013mkl,
      author         = "AlekSejevs, A. and others",
      title          = "{An initial study of mesons and baryons containing
                        strange quarks with GlueX}",
      collaboration  = "GlueX",
      year           = "2013",
      eprint         = "1305.1523",
      archivePrefix  = "arXiv",
      primaryClass   = "nucl-ex",
      reportNumber   = "JLAB-PHY-13-1725",
      SLACcitation   = "%%CITATION = ARXIV:1305.1523;%%"
}

@article{Dugger:2012qra,
      author         = "Dugger, M. and others",
      title          = "{A study of meson and baryon decays to strange final
                        states with GlueX in Hall D (A proposal to the 39th
                        Jefferson Lab Program Advisory Committee)}",
      collaboration  = "GlueX",
      year           = "2012",
      eprint         = "1210.4508",
      archivePrefix  = "arXiv",
      primaryClass   = "hep-ex",
      reportNumber   = "GLUEX-DOC-1962, JLAB-PHY-12-1632",
      SLACcitation   = "%%CITATION = ARXIV:1210.4508;%%"
}

@article{Larin:2010kq,
      author         = "Larin, I. and others",
      title          = "{A New Measurement of the $\pi^0$ Radiative Decay Width}",
      collaboration  = "PrimEx",
      journal        = "Phys. Rev. Lett.",
      volume         = "106",
      year           = "2011",
      pages          = "162303",
      doi            = "10.1103/PhysRevLett.106.162303",
      eprint         = "1009.1681",
      archivePrefix  = "arXiv",
      primaryClass   = "nucl-ex",
      reportNumber   = "JLAB-PHY-10-1229",
      SLACcitation   = "%%CITATION = ARXIV:1009.1681;%%"
}

@article{Bennett:2010nf,
      author         = "Bennett, J. V. and Kornicer, M. and Shepherd, M. R. and
                        Ito, M. M.",
      title          = "{Precision timing measurement of phototube pulses using a
                        flash analog-to-digital converter}",
      journal        = "Nucl. Instrum. Meth.",
      volume         = "A622",
      year           = "2010",
      pages          = "225-230",
      doi            = "10.1016/j.nima.2010.06.216",
      eprint         = "1005.5349",
      archivePrefix  = "arXiv",
      primaryClass   = "physics.ins-det",
      reportNumber   = "JLAB-PHY-10-1315",
      SLACcitation   = "%%CITATION = ARXIV:1005.5349;%%"
}

@article{Adler:2010bg,
      author         = "Adler, S. and others",
      title          = "{Measurement of the $K^+ \rightarrow \pi^0 \mu^+ \nu_\mu \gamma$ Branching
                        Ratio}",
      collaboration  = "E787",
      journal        = "Phys. Rev.",
      volume         = "D81",
      year           = "2010",
      pages          = "092001",
      doi            = "10.1103/PhysRevD.81.092001",
      eprint         = "1003.3609",
      archivePrefix  = "arXiv",
      primaryClass   = "hep-ex",
      SLACcitation   = "%%CITATION = ARXIV:1003.3609;%%"
}

@article{Gavalian:2008aa,
      author         = "Gavalian, G. and others",
      title          = "{Beam spin asymmetries in deeply virtual Compton
                        scattering (DVCS) with CLAS at 4.8 GeV}",
      collaboration  = "CLAS",
      journal        = "Phys. Rev.",
      volume         = "C80",
      year           = "2009",
      pages          = "035206",
      doi            = "10.1103/PhysRevC.80.035206",
      eprint         = "0812.2950",
      archivePrefix  = "arXiv",
      primaryClass   = "hep-ex",
      reportNumber   = "JLAB-PHY-08-930",
      SLACcitation   = "%%CITATION = ARXIV:0812.2950;%%"
}

@article{Martel:2008hs,
      author         = "Martel, P. and others",
      title          = "{Nuclear Targets for a Precision Measurement of the
                        Neutral Pion Radiative Width}",
      journal        = "Nucl. Instrum. Meth.",
      volume         = "A612",
      year           = "2009",
      pages          = "46-49",
      doi            = "10.1016/j.nima.2009.09.063",
      eprint         = "0811.2132",
      archivePrefix  = "arXiv",
      primaryClass   = "nucl-ex",
      reportNumber   = "JLAB-PHY-08-894",
      SLACcitation   = "%%CITATION = ARXIV:0811.2132;%%"
}

@article{Lachniet:2008qf,
      author         = "Lachniet, J. and others",
      title          = "{A Precise Measurement of the Neutron Magnetic Form
                        Factor $G^n_M$ in the Few-GeV$^2$ Region}",
      collaboration  = "CLAS",
      journal        = "Phys. Rev. Lett.",
      volume         = "102",
      year           = "2009",
      pages          = "192001",
      doi            = "10.1103/PhysRevLett.102.192001",
      eprint         = "0811.1716",
      archivePrefix  = "arXiv",
      primaryClass   = "nucl-ex",
      reportNumber   = "JLAB-PHY-08-911",
      SLACcitation   = "%%CITATION = ARXIV:0811.1716;%%"
}

@article{Battaglieri:2008ps,
      author         = "Battaglieri, M. and others",
      title          = "{First measurement of direct $f_0(980)$ photoproduction on
                        the proton}",
      collaboration  = "CLAS",
      journal        = "Phys. Rev. Lett.",
      volume         = "102",
      year           = "2009",
      pages          = "102001",
      doi            = "10.1103/PhysRevLett.102.102001",
      eprint         = "0811.1681",
      archivePrefix  = "arXiv",
      primaryClass   = "hep-ex",
      reportNumber   = "JLAB-PHY-08-890",
      SLACcitation   = "%%CITATION = ARXIV:0811.1681;%%"
}

@article{Fedotov:2008aa,
      author         = "Fedotov, G. V. and others",
      title          = "{Electroproduction of $p\pi^+\pi^-$ off protons at $0.2 < Q^2
                        < 0.6~\mathrm{GeV}^2$ and $1.3 < W < 1.57$~GeV with CLAS}",
      collaboration  = "CLAS",
      journal        = "Phys. Rev.",
      volume         = "C79",
      year           = "2009",
      pages          = "015204",
      doi            = "10.1103/PhysRevC.79.015204",
      eprint         = "0809.1562",
      archivePrefix  = "arXiv",
      primaryClass   = "nucl-ex",
      reportNumber   = "JLAB-PHY-08-871",
      SLACcitation   = "%%CITATION = ARXIV:0809.1562;%%"
}

@article{Osipenko:2008aa,
      author         = "Osipenko, M. and others",
      title          = "{Measurement of unpolarized semi-inclusive $\pi^+$
                        electroproduction off the proton}",
      collaboration  = "CLAS",
      journal        = "Phys. Rev.",
      volume         = "D80",
      year           = "2009",
      pages          = "032004",
      doi            = "10.1103/PhysRevD.80.032004",
      eprint         = "0809.1153",
      archivePrefix  = "arXiv",
      primaryClass   = "hep-ex",
      reportNumber   = "JLAB-PHY-08-872",
      SLACcitation   = "%%CITATION = ARXIV:0809.1153;%%"
}

@article{Morrow:2008ek,
      author         = "Morrow, S. A. and others",
      title          = "{Exclusive $\rho^0$ electroproduction on the proton at CLAS}",
      collaboration  = "CLAS",
      journal        = "Eur. Phys. J.",
      volume         = "A39",
      year           = "2009",
      pages          = "5-31",
      doi            = "10.1140/epja/i2008-10683-5",
      eprint         = "0807.3834",
      archivePrefix  = "arXiv",
      primaryClass   = "hep-ex",
      reportNumber   = "JLAB-PHY-08-831",
      SLACcitation   = "%%CITATION = ARXIV:0807.3834;%%"
}

@article{Nozar:2008aa,
      author         = "Nozar, M. and others",
      title          = "{Search for the photo-excitation of exotic mesons in the
                        $\pi^+\pi^+\pi^-$ system}",
      collaboration  = "CLAS",
      journal        = "Phys. Rev. Lett.",
      volume         = "102",
      year           = "2009",
      pages          = "102002",
      doi            = "10.1103/PhysRevLett.102.102002",
      eprint         = "0805.4438",
      archivePrefix  = "arXiv",
      primaryClass   = "hep-ex",
      reportNumber   = "JLAB-PHY-08-820",
      SLACcitation   = "%%CITATION = ARXIV:0805.4438;%%"
}

@article{Biselli:2008aa,
      author         = "Biselli, Angela S. and others",
      title          = "{First measurement of target and double spin asymmetries
                        for $\vec e \vec p \rightarrow e p \pi^0$ in the nucleon
                        resonance region above the $\Delta(1232)$}",
      collaboration  = "CLAS",
      journal        = "Phys. Rev.",
      volume         = "C78",
      year           = "2008",
      pages          = "045204",
      doi            = "10.1103/PhysRevC.78.045204",
      eprint         = "0804.3079",
      archivePrefix  = "arXiv",
      primaryClass   = "nucl-ex",
      reportNumber   = "JLAB-PHY-08-818",
      SLACcitation   = "%%CITATION = ARXIV:0804.3079;%%"
}

@article{Aznauryan:2008pe,
      author         = "Aznauryan, I. G. and others",
      title          = "{Electroexcitation of the Roper resonance for $1.7 < Q^2
                        < 4.5~\mathrm{GeV}^2$ in $\vec e p \rightarrow en \pi^+$}",
      collaboration  = "CLAS",
      journal        = "Phys. Rev.",
      volume         = "C78",
      year           = "2008",
      pages          = "045209",
      doi            = "10.1103/PhysRevC.78.045209",
      eprint         = "0804.0447",
      archivePrefix  = "arXiv",
      primaryClass   = "nucl-ex",
      reportNumber   = "JLAB-PHY-08-811",
      SLACcitation   = "%%CITATION = ARXIV:0804.0447;%%"
}

@article{Santoro:2008ai,
      author         = "Santoro, J. P. and others",
      title          = "{Electroproduction of $\phi(1020)$ mesons at $1.4 \leq Q^2 \leq
                        3.8$ GeV$^2$ measured with the CLAS spectrometer}",
      collaboration  = "CLAS",
      journal        = "Phys. Rev.",
      volume         = "C78",
      year           = "2008",
      pages          = "025210",
      doi            = "10.1103/PhysRevC.78.025210",
      eprint         = "0803.3537",
      archivePrefix  = "arXiv",
      primaryClass   = "nucl-ex",
      reportNumber   = "IRFU-08-44, JLAB-PHY-08-810",
      SLACcitation   = "%%CITATION = ARXIV:0803.3537;%%"
}

@article{Wood:2008ee,
      author         = "Wood, M. H. and others",
      title          = "{Light Vector Mesons in the Nuclear Medium}",
      collaboration  = "CLAS",
      journal        = "Phys. Rev.",
      volume         = "C78",
      year           = "2008",
      pages          = "015201",
      doi            = "10.1103/PhysRevC.78.015201",
      eprint         = "0803.0492",
      archivePrefix  = "arXiv",
      primaryClass   = "nucl-ex",
      reportNumber   = "JLAB-PHY-08-815",
      SLACcitation   = "%%CITATION = ARXIV:0803.0492;%%"
}

@article{Prok:2008ev,
      author         = "Prok, Y. and others",
      title          = "{Moments of the Spin Structure Functions $g^p_1$ and
                        $g^d_1$ for $0.05 < Q^2 < 3.0$~GeV$^2$}",
      collaboration  = "CLAS",
      journal        = "Phys. Lett.",
      volume         = "B672",
      year           = "2009",
      pages          = "12-16",
      doi            = "10.1016/j.physletb.2008.12.063",
      eprint         = "0802.2232",
      archivePrefix  = "arXiv",
      primaryClass   = "nucl-ex",
      reportNumber   = "JLAB-PHY-08-778",
      SLACcitation   = "%%CITATION = ARXIV:0802.2232;%%"
}

@article{Nasseripour:2008aa,
      author         = "Nasseripour, R. and others",
      title          = "{Polarized Structure Function sigma(LT-prime) for
                        p(polarized-e, e-prime K+) Lambda in the Nucleon Resonance
                        Region}",
      collaboration  = "CLAS",
      journal        = "Phys. Rev.",
      volume         = "C77",
      year           = "2008",
      pages          = "065208",
      doi            = "10.1103/PhysRevC.77.065208",
      eprint         = "0801.4711",
      archivePrefix  = "arXiv",
      primaryClass   = "nucl-ex",
      reportNumber   = "IRFU-08-26, JLAB-PHY-08-772",
      SLACcitation   = "%%CITATION = ARXIV:0801.4711;%%"
}

@article{Bosted:2007hw,
      author         = "Bosted, P. E. and others",
      title          = "{Ratios of N-15/C-12 and He-4/C-12 inclusive
                        electroproduction cross sections in the nucleon resonance
                        region}",
      collaboration  = "CLAS",
      journal        = "Phys. Rev.",
      volume         = "C78",
      year           = "2008",
      pages          = "015202",
      doi            = "10.1103/PhysRevC.78.015202",
      eprint         = "0712.2438",
      archivePrefix  = "arXiv",
      primaryClass   = "nucl-ex",
      reportNumber   = "IRFU-08-25, JLAB-PHY-08-4",
      SLACcitation   = "%%CITATION = ARXIV:0712.2438;%%"
}

@article{Girod:2007aa,
      author         = "Girod, F. X. and others",
      title          = "{Measurement of Deeply virtual Compton scattering
                        beam-spin asymmetries}",
      collaboration  = "CLAS",
      journal        = "Phys. Rev. Lett.",
      volume         = "100",
      year           = "2008",
      pages          = "162002",
      doi            = "10.1103/PhysRevLett.100.162002",
      eprint         = "0711.4805",
      archivePrefix  = "arXiv",
      primaryClass   = "hep-ex",
      reportNumber   = "IRFU-08-24, JLAB-PHY-07-767",
      SLACcitation   = "%%CITATION = ARXIV:0711.4805;%%"
}

@article{DeMasi:2008zz,
      author         = "De Masi, R. and others",
      title          = "{Measurement of $e p \rightarrow e p \pi^0$ beam spin asymmetries
                        above the resonance region}",
      collaboration  = "CLAS",
      journal        = "Phys. Rev.",
      volume         = "C77",
      year           = "2008",
      pages          = "042201",
      doi            = "10.1103/PhysRevC.77.042201",
      eprint         = "0711.4736",
      archivePrefix  = "arXiv",
      primaryClass   = "hep-ex",
      reportNumber   = "IRFU-08-23, JLAB-PHY-07-749",
      SLACcitation   = "%%CITATION = ARXIV:0711.4736;%%"
}

@article{Park:2007tn,
      author         = "Park, K. and others",
      title          = "{Cross sections and beam asymmetries for $\vec e p \rightarrow en
                        \pi^+$ in the nucleon resonance region for $1.7 \leq Q^2 \leq
                        4.5$~GeV$^2$}",
      collaboration  = "CLAS",
      journal        = "Phys. Rev.",
      volume         = "C77",
      year           = "2008",
      pages          = "015208",
      doi            = "10.1103/PhysRevC.77.015208",
      eprint         = "0709.1946",
      archivePrefix  = "arXiv",
      primaryClass   = "nucl-ex",
      reportNumber   = "JLAB-PHY-07-720",
      SLACcitation   = "%%CITATION = ARXIV:0709.1946;%%"
}

@article{Adler:2008zza,
      author         = "Adler, S. and others",
      title          = "{Measurement of the $K^+ \rightarrow \pi^+ \nu \bar\nu$ branching ratio}",
      collaboration  = "E949, E787",
      journal        = "Phys. Rev.",
      volume         = "D77",
      year           = "2008",
      pages          = "052003",
      doi            = "10.1103/PhysRevD.77.052003",
      eprint         = "0709.1000",
      archivePrefix  = "arXiv",
      primaryClass   = "hep-ex",
      reportNumber   = "BNL-79257-2007-JA, KEK-2007-34, TRI-PP-07-18,
                        TUHEP-EX-07-002, FERMILAB-PUB-08-065-CD-E",
      SLACcitation   = "%%CITATION = ARXIV:0709.1000;%%"
}

@article{Nasseripour:2007aa,
      author         = "Nasseripour, R. and others",
      title          = "{Search for medium modification of the rho meson}",
      collaboration  = "CLAS",
      journal        = "Phys. Rev. Lett.",
      volume         = "99",
      year           = "2007",
      pages          = "262302",
      doi            = "10.1103/PhysRevLett.99.262302",
      eprint         = "0707.2324",
      archivePrefix  = "arXiv",
      primaryClass   = "nucl-ex",
      reportNumber   = "JLAB-PHY-07-682",
      SLACcitation   = "%%CITATION = ARXIV:0707.2324;%%"
}

@article{Dugger:2007bt,
      author         = "Dugger, M. and others",
      title          = "{pi0 photoproduction on the proton for photon energies
                        from 0.675 to 2.875-GeV}",
      journal        = "Phys. Rev.",
      volume         = "C76",
      year           = "2007",
      pages          = "025211",
      doi            = "10.1103/PhysRevC.76.025211",
      eprint         = "0705.0816",
      archivePrefix  = "arXiv",
      primaryClass   = "hep-ex",
      reportNumber   = "JLAB-PHY-07-674",
      SLACcitation   = "%%CITATION = ARXIV:0705.0816;%%"
}

@article{Denizli:2007tq,
      author         = "Denizli, H. and others",
      title          = "{Q*2 dependence of the S(11)(1535) photocoupling and
                        evidence for a P-wave resonance in eta electroproduction}",
      collaboration  = "CLAS",
      journal        = "Phys. Rev.",
      volume         = "C76",
      year           = "2007",
      pages          = "015204",
      doi            = "10.1103/PhysRevC.76.015204",
      eprint         = "0704.2546",
      archivePrefix  = "arXiv",
      primaryClass   = "nucl-ex",
      reportNumber   = "JLAB-PHY-07-625",
      SLACcitation   = "%%CITATION = ARXIV:0704.2546;%%"
}

@article{Mibe:2007aa,
      author         = "Mibe, T. and others",
      title          = "{First measurement of coherent phi-meson photoproduction
                        on deuteron at low energies}",
      collaboration  = "CLAS",
      journal        = "Phys. Rev.",
      volume         = "C76",
      year           = "2007",
      pages          = "052202",
      doi            = "10.1103/PhysRevC.76.052202",
      eprint         = "nucl-ex/0703013",
      archivePrefix  = "arXiv",
      primaryClass   = "NUCL-EX",
      reportNumber   = "JLAB-PHY-07-626",
      SLACcitation   = "%%CITATION = NUCL-EX/0703013;%%"
}

@article{Ilieva:2007mm,
      author         = "Ilieva, Y. and others",
      title          = "{Evidence for a backward peak in the $\gamma d \rightarrow \pi^0 d$
                        cross section near the eta threshold}",
      collaboration  = "CLAS",
      journal        = "Eur. Phys. J.",
      volume         = "A43",
      year           = "2010",
      pages          = "261-267",
      doi            = "10.1140/epja/i2010-10918-x",
      eprint         = "nucl-ex/0703006",
      archivePrefix  = "arXiv",
      primaryClass   = "nucl-ex",
      reportNumber   = "IRFU-08-22, JLAB-PHY-07-627",
      SLACcitation   = "%%CITATION = NUCL-EX/0703006;%%"
}

@article{Guo:2007dw,
      author         = "Guo, L. and others",
      title          = "{Cascade production in the reactions $\gamma p \rightarrow K^+ K^+
                        (X)$ and $\gamma p \rightarrow K^+ K^+ \pi^- (X)$}",
      journal        = "Phys. Rev.",
      volume         = "C76",
      year           = "2007",
      pages          = "025208",
      doi            = "10.1103/PhysRevC.76.025208",
      eprint         = "nucl-ex/0702027",
      archivePrefix  = "arXiv",
      primaryClass   = "nucl-ex",
      reportNumber   = "JLAB-PHY-07-621",
      SLACcitation   = "%%CITATION = NUCL-EX/0702027;%%"
}

@article{Hleiqawi:2007ad,
      author         = "Hleiqawi, I. and others",
      title          = "{Cross-sections for the $\gamma p \rightarrow K^{*0} \Sigma^+$ reaction
                        at $E_\gamma = 1.7-3.0$~GeV}",
      collaboration  = "CLAS",
      journal        = "Phys. Rev.",
      volume         = "C75",
      year           = "2007",
      pages          = "042201",
      doi            = "10.1103/PhysRevC.75.042201",
      note           = "[Erratum: Phys. Rev.C76,039905(2007)]",
      eprint         = "nucl-ex/0701036",
      archivePrefix  = "arXiv",
      primaryClass   = "nucl-ex",
      reportNumber   = "DAPNIA-07-16, JLAB-PHY-07-615",
      SLACcitation   = "%%CITATION = NUCL-EX/0701036;%%"
}

@article{Egiyan:2007qj,
      author         = "Egiyan, K. S. and others",
      title          = "{Experimental Study of Exclusive $^2{\rm H}(e,e^\prime p)n$
                        Reaction Mechanisms at High $Q^2$}",
      collaboration  = "CLAS",
      journal        = "Phys. Rev. Lett.",
      volume         = "98",
      year           = "2007",
      pages          = "262502",
      doi            = "10.1103/PhysRevLett.98.262502",
      eprint         = "nucl-ex/0701013",
      archivePrefix  = "arXiv",
      primaryClass   = "nucl-ex",
      reportNumber   = "DAPNIA-07-12, JLAB-PHY-07-3",
      SLACcitation   = "%%CITATION = NUCL-EX/0701013;%%"
}

@article{Bradford:2006ba,
      author         = "Bradford, R. K. and others",
      title          = "{First measurement of beam-recoil observables C(x) and
                        C(z) in hyperon photoproduction}",
      collaboration  = "CLAS",
      journal        = "Phys. Rev.",
      volume         = "C75",
      year           = "2007",
      pages          = "035205",
      doi            = "10.1103/PhysRevC.75.035205",
      eprint         = "nucl-ex/0611034",
      archivePrefix  = "arXiv",
      primaryClass   = "nucl-ex",
      reportNumber   = "JLAB-PHY-06-587",
      SLACcitation   = "%%CITATION = NUCL-EX/0611034;%%"
}

@article{Ambrozewicz:2006zj,
      author         = "Ambrozewicz, P. and others",
      title          = "{Separated structure functions for the exclusive
                        electroproduction of $K^+ \Lambda$ and $K^+ \Sigma^0$ final
                        states}",
      collaboration  = "CLAS",
      journal        = "Phys. Rev.",
      volume         = "C75",
      year           = "2007",
      pages          = "045203",
      doi            = "10.1103/PhysRevC.75.045203",
      eprint         = "hep-ex/0611036",
      archivePrefix  = "arXiv",
      primaryClass   = "hep-ex",
      reportNumber   = "JLAB-PHY-06-576",
      SLACcitation   = "%%CITATION = HEP-EX/0611036;%%"
}

@article{Bosted:2006gp,
      author         = "Bosted, P. E. and others",
      title          = "{Quark-hadron duality in spin structure functions g(1)p
                        and g(1)d}",
      collaboration  = "CLAS",
      journal        = "Phys. Rev.",
      volume         = "C75",
      year           = "2007",
      pages          = "035203",
      doi            = "10.1103/PhysRevC.75.035203",
      eprint         = "hep-ph/0607283",
      archivePrefix  = "arXiv",
      primaryClass   = "hep-ph",
      reportNumber   = "JLAB-PHY-06-517",
      SLACcitation   = "%%CITATION = HEP-PH/0607283;%%"
}

@article{DeVita:2006aaq,
      author         = "De Vita, R. and others",
      title          = "{Search for the $\Theta^+$ pentaquark in the reactions $\gamma
                        p \rightarrow \bar K^0 K^+ n$ and $\gamma p \rightarrow \bar K^0 K^0 p$}",
      collaboration  = "CLAS",
      journal        = "Phys. Rev.",
      volume         = "D74",
      year           = "2006",
      pages          = "032001",
      doi            = "10.1103/PhysRevD.74.032001",
      eprint         = "hep-ex/0606062",
      archivePrefix  = "arXiv",
      primaryClass   = "hep-ex",
      reportNumber   = "JLAB-PHY-06-544",
      SLACcitation   = "%%CITATION = HEP-EX/0606062;%%"
}

@article{Ungaro:2006df,
      author         = "Ungaro, M. and others",
      title          = "{Measurement of the $N \rightarrow \Delta^+(1232)$ transition at
                        high momentum transfer by $\pi^0$ electroproduction}",
      collaboration  = "CLAS",
      journal        = "Phys. Rev. Lett.",
      volume         = "97",
      year           = "2006",
      pages          = "112003",
      doi            = "10.1103/PhysRevLett.97.112003",
      eprint         = "hep-ex/0606042",
      archivePrefix  = "arXiv",
      primaryClass   = "hep-ex",
      reportNumber   = "JLAB-PHY-06-543",
      SLACcitation   = "%%CITATION = HEP-EX/0606042;%%"
}

@article{Dharmawardane:2006zd,
      author         = "Dharmawardane, K. V. and others",
      title          = "{Measurement of the $x$- and $Q^2$-dependence of the
                        asymmetry $A(1)$ on the nucleon}",
      collaboration  = "CLAS",
      journal        = "Phys. Lett.",
      volume         = "B641",
      year           = "2006",
      pages          = "11-17",
      doi            = "10.1016/j.physletb.2006.08.011",
      eprint         = "nucl-ex/0605028",
      archivePrefix  = "arXiv",
      primaryClass   = "nucl-ex",
      reportNumber   = "JLAB-PHY-06-495",
      SLACcitation   = "%%CITATION = NUCL-EX/0605028;%%"
}

@article{Chen:2006na,
      author         = "Chen, S. and others",
      title          = "{Measurement of deeply virtual compton scattering with a
                        polarized proton target}",
      collaboration  = "CLAS",
      journal        = "Phys. Rev. Lett.",
      volume         = "97",
      year           = "2006",
      pages          = "072002",
      doi            = "10.1103/PhysRevLett.97.072002",
      eprint         = "hep-ex/0605012",
      archivePrefix  = "arXiv",
      primaryClass   = "hep-ex",
      reportNumber   = "JLAB-PHY-06-490",
      SLACcitation   = "%%CITATION = HEP-EX/0605012;%%"
}

@article{Kubarovsky:2006ns,
      author         = "Kubarovsky, V. and others",
      title          = "{Search for $\Theta^{++}$ pentaquarks in the exclusive reaction
                        $\gamma p \rightarrow K^+ K^- p$}",
      collaboration  = "CLAS",
      journal        = "Phys. Rev. Lett.",
      volume         = "97",
      year           = "2006",
      pages          = "102001",
      doi            = "10.1103/PhysRevLett.97.102001",
      eprint         = "hep-ex/0605001",
      archivePrefix  = "arXiv",
      primaryClass   = "hep-ex",
      reportNumber   = "JLAB-PHY-06-496",
      SLACcitation   = "%%CITATION = HEP-EX/0605001;%%"
}

@article{Niccolai:2006td,
      author         = "Niccolai, S. and others",
      title          = "{Search for the $\Theta^+$ pentaquark in the $\gamma d \rightarrow
                        \Lambda n K^+$ reaction measured with CLAS}",
      collaboration  = "CLAS",
      journal        = "Phys. Rev. Lett.",
      volume         = "97",
      year           = "2006",
      pages          = "032001",
      doi            = "10.1103/PhysRevLett.97.032001",
      eprint         = "hep-ex/0604047",
      archivePrefix  = "arXiv",
      primaryClass   = "hep-ex",
      reportNumber   = "JLAB-PHY-06-462",
      SLACcitation   = "%%CITATION = HEP-EX/0604047;%%"
}

@article{McKinnon:2006zv,
      author         = "McKinnon, B. and others",
      title          = "{Search for the $\Theta^+$ pentaquark in the reaction $\gamma d
                        \rightarrow p K^- K^+ n$}",
      collaboration  = "CLAS",
      journal        = "Phys. Rev. Lett.",
      volume         = "96",
      year           = "2006",
      pages          = "212001",
      doi            = "10.1103/PhysRevLett.96.212001",
      eprint         = "hep-ex/0603028",
      archivePrefix  = "arXiv",
      primaryClass   = "hep-ex",
      reportNumber   = "JLAB-PHY-06-459",
      SLACcitation   = "%%CITATION = HEP-EX/0603028;%%"
}

@article{Egiyan:2006ks,
      author         = "Egiyan, H. and others",
      title          = "{Single $\pi^+$ electroproduction on the proton in the first
                        and second resonance regions at $0.25~{\rm GeV}^2 < Q^2 <
                        0.65~{\rm GeV}^2$ using CLAS}",
      collaboration  = "CLAS",
      journal        = "Phys. Rev.",
      volume         = "C73",
      year           = "2006",
      pages          = "025204",
      doi            = "10.1103/PhysRevC.73.025204",
      eprint         = "nucl-ex/0601007",
      archivePrefix  = "arXiv",
      primaryClass   = "nucl-ex",
      reportNumber   = "DAPNIA-06-02, JLAB-PHY-06-06",
      SLACcitation   = "%%CITATION = NUCL-EX/0601007;%%"
}

@article{Dugger:2005my,
      author         = "Dugger, M. and others",
      title          = "{$\eta^\prime$ photoproduction on the proton for photon
                        energies from 1.527-GeV to 2.227-GeV}",
      collaboration  = "CLAS",
      journal        = "Phys. Rev. Lett.",
      volume         = "96",
      year           = "2006",
      pages          = "062001",
      doi            = "10.1103/PhysRevLett.96.062001,
                        10.1103/PhysRevLett.96.169905",
      note           = "[Erratum: Phys. Rev. Lett.96,169905(2006)]",
      eprint         = "nucl-ex/0512019",
      archivePrefix  = "arXiv",
      primaryClass   = "nucl-ex",
      reportNumber   = "DAPNIA-06-06, JLAB-PHY-05-34",
      SLACcitation   = "%%CITATION = NUCL-EX/0512019;%%"
}

@article{Battaglieri:2005er,
      author         = "Battaglieri, M. and others",
      title          = "{Search for $\Theta^+(1540)$ pentaquark in high statistics
                        measurement of $\gamma p \rightarrow \bar K^0 K^+ n$ at CLAS}",
      collaboration  = "CLAS",
      journal        = "Phys. Rev. Lett.",
      volume         = "96",
      year           = "2006",
      pages          = "042001",
      doi            = "10.1103/PhysRevLett.96.042001",
      eprint         = "hep-ex/0510061",
      archivePrefix  = "arXiv",
      primaryClass   = "hep-ex",
      reportNumber   = "DAPNIA-06-01, JLAB-PHY-05-20",
      SLACcitation   = "%%CITATION = HEP-EX/0510061;%%"
}

@article{Klimenko:2005zz,
      author         = "Klimenko, A. V. and others",
      title          = "{Electron scattering from high-momentum neutrons in
                        deuterium}",
      collaboration  = "CLAS",
      journal        = "Phys. Rev.",
      volume         = "C73",
      year           = "2006",
      pages          = "035212",
      doi            = "10.1103/PhysRevC.73.035212",
      eprint         = "nucl-ex/0510032",
      archivePrefix  = "arXiv",
      primaryClass   = "nucl-ex",
      reportNumber   = "DAPNIA-06-37, JLAB-PHY-05-32",
      SLACcitation   = "%%CITATION = NUCL-EX/0510032;%%"
}

@article{Bradford:2005pt,
      author         = "Bradford, R. and others",
      title          = "{Differential cross sections for $\gamma + p \rightarrow K^+ + Y$
                        for $\Lambda$ and $\Sigma^0$ hyperons}",
      collaboration  = "CLAS",
      journal        = "Phys. Rev.",
      volume         = "C73",
      year           = "2006",
      pages          = "035202",
      doi            = "10.1103/PhysRevC.73.035202",
      eprint         = "nucl-ex/0509033",
      archivePrefix  = "arXiv",
      primaryClass   = "nucl-ex",
      reportNumber   = "DAPNIA-06-05, JLAB-PHY-05-409",
      SLACcitation   = "%%CITATION = NUCL-EX/0509033;%%"
}

@article{Egiyan:2005hs,
      author         = "Egiyan, K. S. and others",
      title          = "{Measurement of 2- and 3-nucleon short range correlation
                        probabilities in nuclei}",
      collaboration  = "CLAS",
      journal        = "Phys. Rev. Lett.",
      volume         = "96",
      year           = "2006",
      pages          = "082501",
      doi            = "10.1103/PhysRevLett.96.082501",
      eprint         = "nucl-ex/0508026",
      archivePrefix  = "arXiv",
      primaryClass   = "nucl-ex",
      reportNumber   = "JLAB-PHY-05-285",
      SLACcitation   = "%%CITATION = NUCL-EX/0508026;%%"
}

@article{Strauch:2005cs,
      author         = "Strauch, S. and others",
      title          = "{Beam-helicity asymmetries in double-charged-pion
                        photoproduction on the proton}",
      collaboration  = "CLAS",
      journal        = "Phys. Rev. Lett.",
      volume         = "95",
      year           = "2005",
      pages          = "162003",
      doi            = "10.1103/PhysRevLett.95.162003",
      eprint         = "hep-ex/0508002",
      archivePrefix  = "arXiv",
      primaryClass   = "hep-ex",
      reportNumber   = "JLAB-PHY-05-322",
      SLACcitation   = "%%CITATION = HEP-EX/0508002;%%"
}

@article{Osipenko:2005rh,
      author         = "Osipenko, M. and others",
      title          = "{The Deuteron structure function $F_2$ with CLAS}",
      collaboration  = "CLAS",
      year           = "2005",
      eprint         = "hep-ex/0507098",
      archivePrefix  = "arXiv",
      primaryClass   = "hep-ex",
      reportNumber   = "CLAS-NOTE-2005-000, JLAB-PHY-05-24",
      SLACcitation   = "%%CITATION = HEP-EX/0507098;%%"
}

@article{Osipenko:2005gt,
      author         = "Osipenko, M. and others",
      title          = "{Measurement of the deuteron structure function $F_2$ in
                        the resonance region and evaluation of its moments}",
      collaboration  = "CLAS",
      journal        = "Phys. Rev.",
      volume         = "C73",
      year           = "2006",
      pages          = "045205",
      doi            = "10.1103/PhysRevC.73.045205",
      eprint         = "hep-ex/0506004",
      archivePrefix  = "arXiv",
      primaryClass   = "hep-ex",
      reportNumber   = "JLAB-PHY-05-36",
      SLACcitation   = "%%CITATION = HEP-EX/0506004;%%"
}

@article{Morand:2005ex,
      author         = "Morand, L. and others",
      title          = "{Deeply virtual and exclusive electroproduction of
                        $\omega$-mesons}",
      collaboration  = "CLAS",
      journal        = "Eur. Phys. J.",
      volume         = "A24",
      year           = "2005",
      pages          = "445-458",
      doi            = "10.1140/epja/i2005-10032-4",
      eprint         = "hep-ex/0504057",
      archivePrefix  = "arXiv",
      primaryClass   = "hep-ex",
      reportNumber   = "DAPNIA-05-54, JLAB-PHY-05-297",
      SLACcitation   = "%%CITATION = HEP-EX/0504057;%%"
}

@article{Joo:2005gs,
      author         = "Joo, K. and others",
      title          = "{Measurement of the polarized structure function
                        sigma(LT-prime) for pion electroproduction in the Roper
                        resonance region}",
      collaboration  = "CLAS",
      journal        = "Phys. Rev.",
      volume         = "C72",
      year           = "2005",
      pages          = "058202",
      doi            = "10.1103/PhysRevC.72.058202",
      eprint         = "nucl-ex/0504027",
      archivePrefix  = "arXiv",
      primaryClass   = "nucl-ex",
      reportNumber   = "JLAB-PHY-05-416",
      SLACcitation   = "%%CITATION = NUCL-EX/0504027;%%"
}

@article{Taylor:2005zw,
      author         = "Taylor, S. and others",
      title          = "{Radiative decays of the Sigma0(1385) and Lambda(1520)
                        hyperons}",
      collaboration  = "CLAS",
      journal        = "Phys. Rev.",
      volume         = "C71",
      year           = "2005",
      pages          = "054609",
      doi            = "10.1103/PhysRevC.71.054609, 10.1103/PhysRevC.72.039902",
      note           = "[Erratum: Phys. Rev.C72,039902(2005)]",
      eprint         = "hep-ex/0503014",
      archivePrefix  = "arXiv",
      primaryClass   = "hep-ex",
      reportNumber   = "JLAB-PHY-05-296",
      SLACcitation   = "%%CITATION = HEP-EX/0503014;%%"
}

@article{Price:2004xm,
      author         = "Price, J. W. and others",
      title          = "{Exclusive photoproduction of the cascade (Xi) hyperons}",
      collaboration  = "CLAS",
      journal        = "Phys. Rev.",
      volume         = "C71",
      year           = "2005",
      pages          = "058201",
      doi            = "10.1103/PhysRevC.71.058201",
      eprint         = "nucl-ex/0409030",
      archivePrefix  = "arXiv",
      primaryClass   = "nucl-ex",
      reportNumber   = "JLAB-PHY-04-46",
      SLACcitation   = "%%CITATION = NUCL-EX/0409030;%%"
}

@article{Niccolai:2004ne,
      author         = "Niccolai, S. and others",
      title          = "{Complete measurement of three-body photodisintegration
                        of He-3 for photon energies between 0.35-GeV and
                        1.55-GeV}",
      collaboration  = "CLAS",
      journal        = "Phys. Rev.",
      volume         = "C70",
      year           = "2004",
      pages          = "064003",
      doi            = "10.1103/PhysRevC.70.064003",
      eprint         = "nucl-ex/0409013",
      archivePrefix  = "arXiv",
      primaryClass   = "nucl-ex",
      reportNumber   = "DAPNIA-04-268, JLAB-PHY-04-53",
      SLACcitation   = "%%CITATION = NUCL-EX/0409013;%%"
}

@article{Hadjidakis:2004zm,
      author         = "Hadjidakis, C. and others",
      title          = "{Exclusive rho0 meson electroproduction from hydrogen at
                        CLAS}",
      collaboration  = "CLAS",
      journal        = "Phys. Lett.",
      volume         = "B605",
      year           = "2005",
      pages          = "256-264",
      doi            = "10.1016/j.physletb.2004.11.019",
      eprint         = "hep-ex/0408005",
      archivePrefix  = "arXiv",
      primaryClass   = "hep-ex",
      reportNumber   = "JLAB-PHY-04-37",
      SLACcitation   = "%%CITATION = HEP-EX/0408005;%%"
}

@article{Joo:2004mi,
      author         = "Joo, K. and others",
      title          = "{Measurement of the polarized structure function
                        $\sigma_{LT^\prime}$ for $p(\vec e, e^\prime \pi^+)n$ in the
                        Delta(1232) resonance region}",
      collaboration  = "CLAS",
      journal        = "Phys. Rev.",
      volume         = "C70",
      year           = "2004",
      pages          = "042201",
      doi            = "10.1103/PhysRevC.70.042201",
      eprint         = "nucl-ex/0407013",
      archivePrefix  = "arXiv",
      primaryClass   = "nucl-ex",
      reportNumber   = "JLAB-PHY-04-25",
      SLACcitation   = "%%CITATION = NUCL-EX/0407013;%%"
}

@article{Protopopescu:2004vx,
      author         = "Protopopescu, D. and others",
      title          = "{Survey of A(LT-prime) asymmetries in semi-exclusive
                        electron scattering on He-4 and C-12}",
      collaboration  = "CLAS",
      journal        = "Nucl. Phys.",
      volume         = "A748",
      year           = "2005",
      pages          = "357-373",
      doi            = "10.1016/j.nuclphysa.2004.11.009",
      eprint         = "nucl-ex/0405021",
      archivePrefix  = "arXiv",
      primaryClass   = "nucl-ex",
      reportNumber   = "JLAB-E-98-104, JLAB-PHY-04-235",
      SLACcitation   = "%%CITATION = NUCL-EX/0405021;%%"
}

@article{Mirazita:2004rb,
      author         = "Mirazita, M. and others",
      title          = "{Complete angular distribution measurements of two body
                        deuteron photodisintegration between 0.5-GeV and 3-GeV}",
      collaboration  = "CLAS",
      journal        = "Phys. Rev.",
      volume         = "C70",
      year           = "2004",
      pages          = "014005",
      doi            = "10.1103/PhysRevC.70.014005",
      eprint         = "nucl-ex/0405019",
      archivePrefix  = "arXiv",
      primaryClass   = "nucl-ex",
      reportNumber   = "JLAB-PHY-04-27",
      SLACcitation   = "%%CITATION = NUCL-EX/0405019;%%"
}

@article{Rossi:2004qm,
      author         = "Rossi, P. and others",
      title          = "{Onset of asymptotic scaling in deuteron
                        photodisintegration}",
      collaboration  = "CLAS",
      journal        = "Phys. Rev. Lett.",
      volume         = "94",
      year           = "2005",
      pages          = "012301",
      doi            = "10.1103/PhysRevLett.94.012301",
      eprint         = "hep-ph/0405207",
      archivePrefix  = "arXiv",
      primaryClass   = "hep-ph",
      reportNumber   = "JLAB-PHY-04-43",
      SLACcitation   = "%%CITATION = HEP-PH/0405207;%%"
}

@article{Stavinsky:2004ky,
      author         = "Stavinsky, A. V. and others",
      title          = "{Proton Source Size Measurements in the $eA \rightarrow e^\prime
                        ppX$ Reaction}",
      collaboration  = "CLAS",
      journal        = "Phys. Rev. Lett.",
      volume         = "93",
      year           = "2004",
      pages          = "192301",
      doi            = "10.1103/PhysRevLett.93.192301",
      eprint         = "hep-ex/0405064",
      archivePrefix  = "arXiv",
      primaryClass   = "hep-ex",
      reportNumber   = "JLAB-PHY-04-225",
      SLACcitation   = "%%CITATION = HEP-EX/0405064;%%"
}

@article{Adler:2004hp,
      author         = "Adler, S. and others",
      title          = "{Further search for the decay $K^+ \rightarrow \pi^+ \nu \bar\nu$ in
                        the momentum region $P < 195~{\rm MeV}/c$}",
      collaboration  = "E787",
      journal        = "Phys. Rev.",
      volume         = "D70",
      year           = "2004",
      pages          = "037102",
      doi            = "10.1103/PhysRevD.70.037102",
      eprint         = "hep-ex/0403034",
      archivePrefix  = "arXiv",
      primaryClass   = "hep-ex",
      reportNumber   = "BNL-72163-2004-JA, KEK-PREPRINT-2004-2",
      SLACcitation   = "%%CITATION = HEP-EX/0403034;%%"
}

@article{Kubarovsky:2003fi,
      author         = "Kubarovsky, V. and others",
      title          = "{Observation of an exotic baryon with S = +1 in
                        photoproduction from the proton}",
      collaboration  = "CLAS",
      journal        = "Phys. Rev. Lett.",
      volume         = "92",
      year           = "2004",
      pages          = "032001",
      doi            = "10.1103/PhysRevLett.92.049902,
                        10.1103/PhysRevLett.92.032001",
      note           = "[Erratum: Phys. Rev. Lett.92,049902(2004)]",
      eprint         = "hep-ex/0311046",
      archivePrefix  = "arXiv",
      primaryClass   = "hep-ex",
      reportNumber   = "JLAB-PHY-03-203",
      SLACcitation   = "%%CITATION = HEP-EX/0311046;%%"
}

@article{McCormick:2003bb,
      author         = "McCormick, K. and others",
      title          = "{Tensor polarization of the phi meson photoproduced at
                        high t}",
      collaboration  = "CLAS",
      journal        = "Phys. Rev.",
      volume         = "C69",
      year           = "2004",
      pages          = "032203",
      doi            = "10.1103/PhysRevC.69.032203",
      eprint         = "hep-ex/0311024",
      archivePrefix  = "arXiv",
      primaryClass   = "hep-ex",
      reportNumber   = "JLAB-PHY-03-20",
      SLACcitation   = "%%CITATION = HEP-EX/0311024;%%"
}

@article{Niyazov:2003zr,
      author         = "Niyazov, R. A. and others",
      title          = "{Two nucleon momentum distributions measured in
                        He-3(e,e-prime pp)n}",
      collaboration  = "CLAS",
      journal        = "Phys. Rev. Lett.",
      volume         = "92",
      year           = "2004",
      pages          = "052303",
      doi            = "10.1103/PhysRevLett.92.052303,
                        10.1103/PhysRevLett.92.099902",
      note           = "[Erratum: Phys. Rev. Lett.92,099903(2004)]",
      eprint         = "nucl-ex/0308013",
      archivePrefix  = "arXiv",
      primaryClass   = "nucl-ex",
      reportNumber   = "JLAB-PHY-03-41",
      SLACcitation   = "%%CITATION = NUCL-EX/0308013;%%"
}

@article{Stepanyan:2003qr,
      author         = "Stepanyan, S. and others",
      title          = "{Observation of an exotic S = +1 baryon in exclusive
                        photoproduction from the deuteron}",
      collaboration  = "CLAS",
      journal        = "Phys. Rev. Lett.",
      volume         = "91",
      year           = "2003",
      pages          = "252001",
      doi            = "10.1103/PhysRevLett.91.252001",
      eprint         = "hep-ex/0307018",
      archivePrefix  = "arXiv",
      primaryClass   = "hep-ex",
      reportNumber   = "JLAB-PHY-03-132",
      SLACcitation   = "%%CITATION = HEP-EX/0307018;%%"
}

@article{Biselli:2003ym,
      author         = "Biselli, Angela S. and others",
      title          = "{Study of $e \vec p \rightarrow e p \pi^0$ in the $\Delta(1232)$ mass region
                        using polarization asymmetries}",
      collaboration  = "CLAS",
      journal        = "Phys. Rev.",
      volume         = "C68",
      year           = "2003",
      pages          = "035202",
      doi            = "10.1103/PhysRevC.68.035202",
      eprint         = "nucl-ex/0307004",
      archivePrefix  = "arXiv",
      primaryClass   = "nucl-ex",
      reportNumber   = "JLAB-PHY-03-16",
      SLACcitation   = "%%CITATION = NUCL-EX/0307004;%%"
}

@article{Mecking:2003zu,
      author         = "Mecking, B. A. and others",
      title          = "{The CEBAF Large Acceptance Spectrometer (CLAS)}",
      collaboration  = "CLAS",
      journal        = "Nucl. Instrum. Meth.",
      volume         = "A503",
      year           = "2003",
      pages          = "513-553",
      doi            = "10.1016/S0168-9002(03)01001-5",
      reportNumber   = "JLAB-PHY-03-01",
      SLACcitation   = "%%CITATION = NUIMA,A503,513;%%"
}

@article{Fatemi:2003yh,
      author         = "Fatemi, R. and others",
      title          = "{Measurement of the Proton Spin Structure Function
                        $g_1(x,Q^2)$ for $Q^2$ from 0.15 to 1.6~GeV$^2$ with CLAS}",
      collaboration  = "CLAS",
      journal        = "Phys. Rev. Lett.",
      volume         = "91",
      year           = "2003",
      pages          = "222002",
      doi            = "10.1103/PhysRevLett.91.222002",
      eprint         = "nucl-ex/0306019",
      archivePrefix  = "arXiv",
      primaryClass   = "nucl-ex",
      reportNumber   = "JLAB-PHY-03-50",
      SLACcitation   = "%%CITATION = NUCL-EX/0306019;%%"
}

@article{McNabb:2003nf,
      author         = "McNabb, J. W. C. and others",
      title          = "{Hyperon photoproduction in the nucleon resonance
                        region}",
      collaboration  = "CLAS",
      journal        = "Phys. Rev.",
      volume         = "C69",
      year           = "2004",
      pages          = "042201",
      doi            = "10.1103/PhysRevC.69.042201",
      eprint         = "nucl-ex/0305028",
      archivePrefix  = "arXiv",
      primaryClass   = "nucl-ex",
      reportNumber   = "JLAB-PHY-03-178",
      SLACcitation   = "%%CITATION = NUCL-EX/0305028;%%"
}

@article{Ripani:2003yw,
      author         = "Ripani, M. and others",
      title          = "{Measurement of $ep \rightarrow e^\prime p \pi^+ \pi^-$: Experimental
                        procedures and baryon resonance analysis}",
      year           = "2003",
      eprint         = "hep-ex/0304034",
      archivePrefix  = "arXiv",
      primaryClass   = "hep-ex",
      reportNumber   = "JLAB-PHY-03-233",
      SLACcitation   = "%%CITATION = HEP-EX/0304034;%%"
}

@article{Osipenko:2003bu,
      author         = "Osipenko, M. and others",
      title          = "{A Kinematically complete measurement of the proton
                        structure function F(2) in the resonance region and
                        evaluation of its moments}",
      collaboration  = "CLAS",
      journal        = "Phys. Rev.",
      volume         = "D67",
      year           = "2003",
      pages          = "092001",
      doi            = "10.1103/PhysRevD.67.092001",
      eprint         = "hep-ph/0301204",
      archivePrefix  = "arXiv",
      primaryClass   = "hep-ph",
      reportNumber   = "JLAB-PHY-03-46",
      SLACcitation   = "%%CITATION = HEP-PH/0301204;%%"
}

@article{Joo:2003uc,
      author         = "Joo, K. and others",
      title          = "{Measurement of the polarized structure function
                        $\sigma_{LT^\prime}$ for $p(\vec e, e^\prime p) \pi^0$ in the
                        $\Delta(1232)$ resonance region}",
      collaboration  = "CLAS",
      journal        = "Phys. Rev.",
      volume         = "C68",
      year           = "2003",
      pages          = "032201",
      doi            = "10.1103/PhysRevC.68.032201",
      eprint         = "nucl-ex/0301012",
      archivePrefix  = "arXiv",
      primaryClass   = "nucl-ex",
      reportNumber   = "JLAB-PHY-03-12",
      SLACcitation   = "%%CITATION = NUCL-EX/0301012;%%"
}

@article{Egiyan:2003vg,
      author         = "Egiyan, K. S. and others",
      title          = "{Observation of nuclear scaling in the A(e, e-prime)
                        reaction at x(B) greater than 1}",
      collaboration  = "CLAS",
      journal        = "Phys. Rev.",
      volume         = "C68",
      year           = "2003",
      pages          = "014313",
      doi            = "10.1103/PhysRevC.68.014313",
      eprint         = "nucl-ex/0301008",
      archivePrefix  = "arXiv",
      primaryClass   = "nucl-ex",
      reportNumber   = "JLAB-PHY-03-48",
      SLACcitation   = "%%CITATION = NUCL-EX/0301008;%%"
}

@article{Avakian:2003pk,
      author         = "Avakian, H. and others",
      title          = "{Measurement of beam-spin asymmetries for pi +
                        electroproduction above the baryon resonance region}",
      collaboration  = "CLAS",
      journal        = "Phys. Rev.",
      volume         = "D69",
      year           = "2004",
      pages          = "112004",
      doi            = "10.1103/PhysRevD.69.112004",
      eprint         = "hep-ex/0301005",
      archivePrefix  = "arXiv",
      primaryClass   = "hep-ex",
      reportNumber   = "JLAB-PHY-02-69",
      SLACcitation   = "%%CITATION = HEP-EX/0301005;%%"
}

@article{Yun:2002td,
      author         = "Yun, J. and others",
      title          = "{Measurement of inclusive spin structure functions of the
                        deuteron}",
      collaboration  = "CLAS",
      journal        = "Phys. Rev.",
      volume         = "C67",
      year           = "2003",
      pages          = "055204",
      doi            = "10.1103/PhysRevC.67.055204",
      eprint         = "hep-ex/0212044",
      archivePrefix  = "arXiv",
      primaryClass   = "hep-ex",
      reportNumber   = "JLAB-PHY-02-71",
      SLACcitation   = "%%CITATION = HEP-EX/0212044;%%"
}

@article{Carman:2002se,
      author         = "Carman, D. S. and others",
      title          = "{First measurement of transferred polarization in the
                        exclusive $\vec e p \rightarrow e^\prime K^+ \vec\Lambda$
                        reaction}",
      collaboration  = "CLAS",
      journal        = "Phys. Rev. Lett.",
      volume         = "90",
      year           = "2003",
      pages          = "131804",
      doi            = "10.1103/PhysRevLett.90.131804",
      eprint         = "hep-ex/0212014",
      archivePrefix  = "arXiv",
      primaryClass   = "hep-ex",
      reportNumber   = "JLAB-PHY-02-137",
      SLACcitation   = "%%CITATION = HEP-EX/0212014;%%"
}

@article{Dugger:2002ft,
      author         = "Dugger, M. and others",
      title          = "{Eta photoproduction on the proton for photon energies
                        from 0.75-GeV to 1.95-GeV}",
      collaboration  = "CLAS",
      journal        = "Phys. Rev. Lett.",
      volume         = "89",
      year           = "2002",
      pages          = "222002",
      doi            = "10.1103/PhysRevLett.89.222002,
                        10.1103/PhysRevLett.89.249904",
      note           = "[Erratum: Phys. Rev. Lett.89,249904(2002)]",
      reportNumber   = "JLAB-PHY-02-54",
      SLACcitation   = "%%CITATION = PRLTA,89,222002;%%"
}

@article{Ripani:2002ss,
      author         = "Ripani, M. and others",
      title          = "{Measurement of $e p \rightarrow e^\prime p \pi^+ \pi^-$ and baryon
                        resonance analysis}",
      collaboration  = "CLAS",
      journal        = "Phys. Rev. Lett.",
      volume         = "91",
      year           = "2003",
      pages          = "022002",
      doi            = "10.1103/PhysRevLett.91.022002",
      eprint         = "hep-ex/0210054",
      archivePrefix  = "arXiv",
      primaryClass   = "hep-ex",
      reportNumber   = "JLAB-PHY-02-138",
      SLACcitation   = "%%CITATION = HEP-EX/0210054;%%"
}

@article{Battaglieri:2002pr,
      author         = "Battaglieri, M. and others",
      title          = "{Photoproduction of the omega meson on the proton at
                        large momentum transfer}",
      collaboration  = "CLAS",
      journal        = "Phys. Rev. Lett.",
      volume         = "90",
      year           = "2003",
      pages          = "022002",
      doi            = "10.1103/PhysRevLett.90.022002",
      eprint         = "hep-ex/0210023",
      archivePrefix  = "arXiv",
      primaryClass   = "hep-ex",
      reportNumber   = "JLAB-PHY-03-04",
      SLACcitation   = "%%CITATION = HEP-EX/0210023;%%"
}

@article{Adler:2002hy,
      author         = "Adler, Stephen Scott and others",
      title          = "{Search for the decay $K^+ \rightarrow \pi^+ \nu \bar\nu$ in the
                        momentum region $P_\pi < 195~{\rm MeV}/c$}",
      collaboration  = "E787",
      journal        = "Phys. Lett.",
      volume         = "B537",
      year           = "2002",
      pages          = "211-216",
      doi            = "10.1016/S0370-2693(02)01911-1",
      eprint         = "hep-ex/0201037",
      archivePrefix  = "arXiv",
      primaryClass   = "hep-ex",
      reportNumber   = "BNL-68967",
      SLACcitation   = "%%CITATION = HEP-EX/0201037;%%"
}

@article{Adler:2001xv,
      author         = "Adler, S. and others",
      title          = "{Further evidence for the decay $K^+ \rightarrow \pi^+ \nu
                        \bar\nu$}",
      collaboration  = "E787",
      journal        = "Phys. Rev. Lett.",
      volume         = "88",
      year           = "2002",
      pages          = "041803",
      doi            = "10.1103/PhysRevLett.88.041803",
      eprint         = "hep-ex/0111091",
      archivePrefix  = "arXiv",
      primaryClass   = "hep-ex",
      reportNumber   = "BNL-68713, KEK-PREPRINT-2001-138, PRINCETON-HEP-2001-2,
                        TRIUMF-TRI-PP-01-3, KEK-2001-138",
      SLACcitation   = "%%CITATION = HEP-EX/0111091;%%"
}

@article{Joo:2001tw,
      author         = "Joo, K. and others",
      title          = "{$Q^2$ dependence of quadrupole strength in the $\gamma^* p
                        \rightarrow \Delta^+(1232) \rightarrow p \pi^0$ transition}",
      collaboration  = "CLAS",
      journal        = "Phys. Rev. Lett.",
      volume         = "88",
      year           = "2002",
      pages          = "122001",
      doi            = "10.1103/PhysRevLett.88.122001",
      eprint         = "hep-ex/0110007",
      archivePrefix  = "arXiv",
      primaryClass   = "hep-ex",
      reportNumber   = "JLAB-PHY-01-89",
      SLACcitation   = "%%CITATION = HEP-EX/0110007;%%"
}

@article{DeVita:2001ue,
      author         = "De Vita, R. and others",
      title          = "{First Measurement of the Double Spin Asymmetry in
                        $\vec e \vec p \rightarrow e^\prime \pi^+ n$ in the
                        Resonance Region}",
      collaboration  = "CLAS",
      journal        = "Phys. Rev. Lett.",
      volume         = "88",
      year           = "2002",
      pages          = "082001",
      doi            = "10.1103/PhysRevLett.88.189903,
                        10.1103/PhysRevLett.88.082001",
      note           = "[Erratum: Phys. Rev. Lett.88,189903(2002)]",
      eprint         = "hep-ex/0111074",
      archivePrefix  = "arXiv",
      primaryClass   = "hep-ex",
      reportNumber   = "JLAB-PHY-02-39",
      SLACcitation   = "%%CITATION = HEP-EX/0111074;%%"
}

@article{Adler:2001dt,
      author         = "Adler, S. and others",
      title          = "{Search for the rare decay $K^+ \rightarrow \pi^+ \gamma$}",
      collaboration  = "E787",
      journal        = "Phys. Rev.",
      volume         = "D65",
      year           = "2002",
      pages          = "052009",
      doi            = "10.1103/PhysRevD.65.052009",
      eprint         = "hep-ex/0108006",
      archivePrefix  = "arXiv",
      primaryClass   = "hep-ex",
      reportNumber   = "BNL-68328, PRINCETON-HEP-2001-1, TRI-PP-01-09,
                        KEK-PREPRINT-2001-26",
      SLACcitation   = "%%CITATION = HEP-EX/0108006;%%"
}

@article{Stepanyan:2001sm,
      author         = "Stepanyan, S. and others",
      title          = "{Observation of exclusive deeply virtual Compton
                        scattering in polarized electron beam asymmetry
                        measurements}",
      collaboration  = "CLAS",
      journal        = "Phys. Rev. Lett.",
      volume         = "87",
      year           = "2001",
      pages          = "182002",
      doi            = "10.1103/PhysRevLett.87.182002",
      eprint         = "hep-ex/0107043",
      archivePrefix  = "arXiv",
      primaryClass   = "hep-ex",
      reportNumber   = "JLAB-PHY-01-84",
      SLACcitation   = "%%CITATION = HEP-EX/0107043;%%"
}

@article{Battaglieri:2001xv,
      author         = "Battaglieri, M. and others",
      title          = "{Photoproduction of the rho0 meson on the proton at large
                        momentum transfer}",
      collaboration  = "CLAS",
      journal        = "Phys. Rev. Lett.",
      volume         = "87",
      year           = "2001",
      pages          = "172002",
      doi            = "10.1103/PhysRevLett.87.172002",
      eprint         = "hep-ex/0107028",
      archivePrefix  = "arXiv",
      primaryClass   = "hep-ex",
      reportNumber   = "JLAB-PHY-01-104",
      SLACcitation   = "%%CITATION = HEP-EX/0107028;%%"
}

@article{Barrow:2001ds,
      author         = "Barrow, S. P. and others",
      title          = "{Electroproduction of the Lambda(1520) hyperon}",
      collaboration  = "Clas",
      journal        = "Phys. Rev.",
      volume         = "C64",
      year           = "2001",
      pages          = "044601",
      doi            = "10.1103/PhysRevC.64.044601",
      eprint         = "hep-ex/0105029",
      archivePrefix  = "arXiv",
      primaryClass   = "hep-ex",
      reportNumber   = "JLAB-PHY-01-47",
      SLACcitation   = "%%CITATION = HEP-EX/0105029;%%"
}

@article{Lukashin:2001sh,
      author         = "Lukashin, K. and others",
      title          = "{Exclusive electroproduction of phi mesons at 4.2-GeV}",
      collaboration  = "CLAS",
      journal        = "Phys. Rev.",
      volume         = "C64",
      year           = "2001",
      pages          = "059901",
      doi            = "10.1103/PhysRevC.64.059901, 10.1103/PhysRevC.63.065205",
      note           = "[Phys. Rev.C63,065205(2001)]",
      eprint         = "hep-ex/0101030",
      archivePrefix  = "arXiv",
      primaryClass   = "hep-ex",
      reportNumber   = "JLAB-PHY-01-02",
      SLACcitation   = "%%CITATION = HEP-EX/0101030;%%"
}

@article{Thompson:2000by,
      author         = "Thompson, R. and others",
      title          = "{The e p \rightarrow e-prime p eta reaction at and above the
                        S(11)(1535) baryon resonance}",
      collaboration  = "CLAS",
      journal        = "Phys. Rev. Lett.",
      volume         = "86",
      year           = "2001",
      pages          = "1702-1706",
      doi            = "10.1103/PhysRevLett.86.1702",
      eprint         = "hep-ex/0011029",
      archivePrefix  = "arXiv",
      primaryClass   = "hep-ex",
      reportNumber   = "JLAB-PHY-00-92",
      SLACcitation   = "%%CITATION = HEP-EX/0011029;%%"
}

@article{Adler:2000ic,
      author         = "Adler, S. and others",
      title          = "{Search for the decay K^+ \rightarrow \pi^+ \pi^0 neutrino
                        anti-neutrino}",
      collaboration  = "E787",
      journal        = "Phys. Rev.",
      volume         = "D63",
      year           = "2001",
      pages          = "032004",
      doi            = "10.1103/PhysRevD.63.032004",
      eprint         = "hep-ex/0009055",
      archivePrefix  = "arXiv",
      primaryClass   = "hep-ex",
      reportNumber   = "BNL-67631, KEK-PREPRINT-2000-68, PRINCETON-HEP-2000-5,
                        TRI-PP-00-54",
      SLACcitation   = "%%CITATION = HEP-EX/0009055;%%"
}

@article{Adler:2000it,
      author         = "Adler, S. and others",
      title          = "{Measurement of direct photon emission in K^+ \rightarrow \pi^+ \pi^0
                        \gamma decay}",
      collaboration  = "E787",
      journal        = "Phys. Rev. Lett.",
      volume         = "85",
      year           = "2000",
      pages          = "4856-4859",
      doi            = "10.1103/PhysRevLett.85.4856",
      eprint         = "hep-ex/0007021",
      archivePrefix  = "arXiv",
      primaryClass   = "hep-ex",
      reportNumber   = "BNL-67407, PRINCETON-HEP-2000-3, TRI-PP-00-21,
                        KEK-PREPRINT-2000-16",
      SLACcitation   = "%%CITATION = HEP-EX/0007021;%%"
}

@article{Anciant:2000az,
      author         = "Anciant, E. and others",
      title          = "{Photoproduction of phi(1020) mesons on the proton at
                        large momentum transfer}",
      collaboration  = "CLAS",
      journal        = "Phys. Rev. Lett.",
      volume         = "85",
      year           = "2000",
      pages          = "4682-4686",
      doi            = "10.1103/PhysRevLett.85.4682",
      eprint         = "hep-ex/0006022",
      archivePrefix  = "arXiv",
      primaryClass   = "hep-ex",
      reportNumber   = "JLAB-PHY-00-97",
      SLACcitation   = "%%CITATION = HEP-EX/0006022;%%"
}

@article{Adler:2000vk,
      author         = "Adler, S. and others",
      title          = "{Measurement of structure dependent K^+ \rightarrow muon+
                        neutrino(muon) \gamma decay}",
      collaboration  = "E787",
      journal        = "Phys. Rev. Lett.",
      volume         = "85",
      year           = "2000",
      pages          = "2256-2259",
      doi            = "10.1103/PhysRevLett.85.2256",
      eprint         = "hep-ex/0003019",
      archivePrefix  = "arXiv",
      primaryClass   = "hep-ex",
      reportNumber   = "BNL-67217, PRINCETON-HEP-2000-2, TRI-PP-00-05,
                        KEK-PREPRINT-99-183",
      SLACcitation   = "%%CITATION = HEP-EX/0003019;%%"
}

@article{Adler:2000by,
      author         = "Adler, S. and others",
      title          = "{Further search for the decay K^+ \rightarrow \pi^+ neutrino
                        anti-neutrino}",
      collaboration  = "E787",
      journal        = "Phys. Rev. Lett.",
      volume         = "84",
      year           = "2000",
      pages          = "3768-3770",
      doi            = "10.1103/PhysRevLett.84.3768",
      eprint         = "hep-ex/0002015",
      archivePrefix  = "arXiv",
      primaryClass   = "hep-ex",
      reportNumber   = "BNL-67142, KEK-PREPRINT-99-171, PRINCETON-HEP-2000-1,
                        TRI-PP-00-04, KEK-99-171",
      SLACcitation   = "%%CITATION = HEP-EX/0002015;%%"
}

@article{Adler:1998sd,
      author         = "Adler, S. and others",
      title          = "{Upper limit on the decay K^+ \rightarrow e+ neutrino mu+ mu-}",
      collaboration  = "E787",
      journal        = "Phys. Rev.",
      volume         = "D58",
      year           = "1998",
      pages          = "012003",
      doi            = "10.1103/PhysRevD.58.012003",
      eprint         = "hep-ex/9802011",
      archivePrefix  = "arXiv",
      primaryClass   = "hep-ex",
      reportNumber   = "BNL-65204, PRINCETON-HEP-98-1, TRI-PP-98-1",
      SLACcitation   = "%%CITATION = HEP-EX/9802011;%%"
}

@article{Adler:1997am,
      author         = "Adler, S. and others",
      title          = "{Evidence for the decay K^+ \rightarrow \pi^+ neutrino
                        anti-neutrino}",
      collaboration  = "E787",
      journal        = "Phys. Rev. Lett.",
      volume         = "79",
      year           = "1997",
      pages          = "2204-2207",
      doi            = "10.1103/PhysRevLett.79.2204",
      eprint         = "hep-ex/9708031",
      archivePrefix  = "arXiv",
      primaryClass   = "hep-ex",
      reportNumber   = "BNL-64631, KEK-PREPRINT-97-115, PRINCETON-HEP-97-12,
                        TRI-PP-97-28, TRI--PP--97--28",
      SLACcitation   = "%%CITATION = HEP-EX/9708031;%%"
}

@article{Kitching:1997zj,
      author         = "Kitching, P. and others",
      title          = "{Observation of the decay K^+ \rightarrow \pi^+ \gamma \gamma}",
      collaboration  = "E787",
      journal        = "Phys. Rev. Lett.",
      volume         = "79",
      year           = "1997",
      pages          = "4079-4082",
      doi            = "10.1103/PhysRevLett.79.4079",
      eprint         = "hep-ex/9708011",
      archivePrefix  = "arXiv",
      primaryClass   = "hep-ex",
      reportNumber   = "BNL-64628, PRINCETON-HEP-97-10, TRI-PP-97-26,
                        KEK-PREPRINT-97-113",
      SLACcitation   = "%%CITATION = HEP-EX/9708011;%%"
}

@article{Adler:1997zk,
      author         = "Adler, S. and others",
      title          = "{Observation of the decay K^+ \rightarrow \pi^+ mu+ mu-}",
      collaboration  = "E787",
      journal        = "Phys. Rev. Lett.",
      volume         = "79",
      year           = "1997",
      pages          = "4756-4759",
      doi            = "10.1103/PhysRevLett.79.4756",
      eprint         = "hep-ex/9708012",
      archivePrefix  = "arXiv",
      primaryClass   = "hep-ex",
      reportNumber   = "BNL-64627, PRINCETON-HEP-97-11, TRI-PP-97-27,
                        KEK-PREPRINT-97-114",
      SLACcitation   = "%%CITATION = HEP-EX/9708012;%%"
}

@article{Adler:1995ir,
      author         = "Adler, S. and others",
      title          = "{Search for the decay $K^{+} \to \pi^{+}$ neutrino
                        anti-neutrino}",
      journal        = "Phys. Rev. Lett.",
      volume         = "76",
      year           = "1996",
      pages          = "1421-1424",
      doi            = "10.1103/PhysRevLett.76.1421",
      eprint         = "hep-ex/9510006",
      archivePrefix  = "arXiv",
      primaryClass   = "hep-ex",
      reportNumber   = "BNL-62327, PRINCETON-HEP-95-8, TRI-PP-95-83",
      SLACcitation   = "%%CITATION = HEP-EX/9510006;%%"
}

@article{Cheng:1996ve,
      author         = "Cheng, M. T. and others",
      title          = "{BELLE progress report: April 1995 - March 1996}",
      collaboration  = "Belle",
      year           = "1996",
      reportNumber   = "KEK-PROGRESS-REPORT-96-1-H",
      SLACcitation   = "%%CITATION = KEK-PROGRESS-REPORT-96-1-H;%%"
}

@article{Cheng:1995im,
      author         = "Cheng, M. T. and others",
      title          = "{A Study of CP violation in B meson decays: Technical
                        design report}",
      collaboration  = "Belle",
      year           = "1995",
      reportNumber   = "BELLE-TDR-3-95, KEK-95-1",
      SLACcitation   = "%%CITATION = BELLE-TDR-3-95;%%"
}

@article{Ito:1994by,
      author         = "Ito, Mark M.",
      title          = "{Results form BNL E787, a search for K^+ to \pi^+ nu
                        anti-nu}",
      booktitle      = "{Heavy quarks at fixed target. Proceedings, Workshop,
                        HQ'94, Charlottesville, USA, October 7-10, 1994}",
      journal        = "Frascati Phys. Ser.",
      volume         = "3",
      year           = "1994",
      pages          = "359-364",
      note           = "[,359(1994)]",
      SLACcitation   = "%%CITATION = 00309,3,359;%%"
}

@inproceedings{Ito:1994za,
      author         = "Ito, Mark M.",
      title          = "{Strange particle decays}",
      booktitle      = "{Physics in collision. Proceedings, 14th International
                        Conference, Tallahassee, USA, June 15-17, 1994}",
      url            = "http://lss.fnal.gov/archive/other/print-94-0223.pdf",
      year           = "1994",
      pages          = "313-328",
      reportNumber   = "PRINT-94-0223 (PRINCETON)",
      SLACcitation   = "%%CITATION = PRINT-94-0223 (PRINCETON);%%"
}

@article{Cheng:1994nx,
      author         = "Cheng, M. T. and others",
      title          = "{Letter of intent for a study of CP violation in B meson
                        decays}",
      collaboration  = "Belle",
      year           = "1994",
      reportNumber   = "KEK-94-2",
      SLACcitation   = "%%CITATION = KEK-94-2;%%"
}

@article{Ito:1993us,
      author         = "Ito, Mark M.",
      title          = "{Flavor changing neutral currents and K decay}",
      booktitle      = "{Proceedings, International Symposium on 30 Years of
                        Neutral Currents: From Weak Neutral Currents to the (W) /
                        Z and Beyond: Santa Monica, California, February 3-5,
                        1993}",
      journal        = "AIP Conf. Proc.",
      volume         = "300",
      year           = "1994",
      pages          = "413-425",
      doi            = "10.1063/1.45437",
      reportNumber   = "PRINCETON-HEP-93-04",
      SLACcitation   = "%%CITATION = APCPC,300,413;%%"
}

@article{Lefmann:1993ab,
      author         = "Lefmann, W. C. and others",
      title          = "{GEM Technical Design Report}",
      collaboration  = "GEM",
      doi            = "10.2172/10124115",
      year           = "1993",
      reportNumber   = "GEM-TN-93-262, SSCL-SR-1219",
      SLACcitation   = "%%CITATION = GEM-TN-93-262;%%"
}

@article{Atiya:1993qr,
      author         = "Atiya, M. S. and others",
      title          = "{Search for the decays K^+ \rightarrow \pi^+ neutrino anti-neutrino
                        and K^+ \rightarrow \pi^+ X0 for 150-MeV/c**2 < M (X0) <
                        250-MeV/c**2}",
      journal        = "Phys. Rev.",
      volume         = "D48",
      year           = "1993",
      pages          = "R1-R4",
      doi            = "10.1103/PhysRevD.48.R1",
      reportNumber   = "BNL-48091, PRINCETON-HEP-92-16, TRI-PP-93-2",
      SLACcitation   = "%%CITATION = PHRVA,D48,R1;%%"
}

@article{Atiya:1992is,
      author         = "Atiya, M. S. and others",
      title          = "{Search for the decay K^+ \rightarrow \pi^+ neutrino
                        anti-neutrino}",
      journal        = "Phys. Rev. Lett.",
      volume         = "70",
      year           = "1993",
      pages          = "2521-2524",
      doi            = "10.1103/PhysRevLett.70.2521,
                        10.1103/PhysRevLett.71.305.2",
      note           = "[Erratum: Phys. Rev. Lett.71,305(1993)]",
      reportNumber   = "TRI-PP-92-102",
      SLACcitation   = "%%CITATION = PRLTA,70,2521;%%"
}

@article{Atiya:1992sm,
      author         = "Atiya, M. S. and others",
      title          = "{Search for the decay \pi^0 \rightarrow \gamma X}",
      journal        = "Phys. Rev. Lett.",
      volume         = "69",
      year           = "1992",
      pages          = "733-736",
      doi            = "10.1103/PhysRevLett.69.733",
      reportNumber   = "TRI-PP-92-16, PRINCETON-HEP-92-02, BNL-47233",
      SLACcitation   = "%%CITATION = PRLTA,69,733;%%"
}

@article{Atiya:1992vh,
      author         = "Atiya, M. S. and others",
      title          = "{A detector to search for K^+ \rightarrow \pi^+ neutrino
                        anti-neutrino}",
      journal        = "Nucl. Instrum. Meth.",
      volume         = "A321",
      year           = "1992",
      pages          = "129-151",
      doi            = "10.1016/0168-9002(92)90382-E",
      reportNumber   = "TRI-PP-92-22, PRINCETON-HEP-92-03, BNL-47176",
      SLACcitation   = "%%CITATION = NUIMA,A321,129;%%"
}

@inproceedings{Ito:1992vh,
      author         = "Ito, M. M. and others",
      title          = "{A search for the decay K^+ \rightarrow \pi^+ nu anti-nu}",
      booktitle      = "{Electroweak interactions and unified theories.
                        Proceedings, Leptonic Session of the 27th Rencontres de
                        Moriond, Les Arcs, France, March 15-22, 1992}",
      collaboration  = "E787",
      year           = "1992",
      pages          = "189-192",
      SLACcitation   = "%%CITATION = INSPIRE-348463;%%"
}

@article{Atiya:1991eg,
      author         = "Atiya, M. S. and others",
      title          = "{Upper limit on the branching ratio for the decay \pi^0
                        \rightarrow neutrino anti-neutrino}",
      journal        = "Phys. Rev. Lett.",
      volume         = "66",
      year           = "1991",
      pages          = "2189-2192",
      doi            = "10.1103/PhysRevLett.66.2189",
      SLACcitation   = "%%CITATION = PRLTA,66,2189;%%"
}

@article{Steiner:1991hh,
      author         = "Steiner, R. and others",
      title          = "{GEM Letter of Intent}",
      collaboration  = "GEM",
      year           = "1991",
      reportNumber   = "SSCL-SR-1184, GEM-TN-92-49, SSC-LOI-0004",
      SLACcitation   = "%%CITATION = SSCL-SR-1184;%%"
}

@article{Steiner:1991ch,
      author         = "Steiner, R. V. and others",
      title          = "{An Expression of Interest to Construct a Major SSC
                        Detector}",
      collaboration  = "GEM",
      year           = "1991",
      reportNumber   = "SSC-EOI0020, GEM-TN-91-1, SSCL-SR-1178",
      SLACcitation   = "%%CITATION = SSC-EOI0020;%%"
}

@article{Numao:1991re,
      author         = "Numao, T. and others",
      title          = "{Recent results on rare K^+ decays from BNL E787}",
      booktitle      = "{Proceedings, 4th Conference on the Intersections between
                        Particle and Nuclear Physics: Tucson, AZ, May 23-29,
                        1991}",
      collaboration  = "E787",
      journal        = "AIP Conf. Proc.",
      volume         = "243",
      year           = "1992",
      pages          = "615-620",
      doi            = "10.1063/1.41620",
      reportNumber   = "TRI-PP-91-51",
      SLACcitation   = "%%CITATION = APCPC,243,615;%%"
}

@article{Atiya:1991nm,
      author         = "Atiya, M. S. and others",
      title          = "{A Search for K^+ \rightarrow \pi^+ neutrino anti-neutrino and
                        other rare K^+ decays}",
      booktitle      = "{Particles and nuclei. Proceedings, 12th International
                        Conference, PANIC XII, Cambridge, USA, June 25-29, 1990}",
      journal        = "Nucl. Phys.",
      volume         = "A527",
      year           = "1991",
      pages          = "727C-729C",
      doi            = "10.1016/0375-9474(91)90222-R",
      SLACcitation   = "%%CITATION = NUPHA,A527,727C;%%"
}

@article{Steiner:1990dj,
      author         = "Steiner, R. and others",
      title          = "{Letter of Intent to Write a Proposal for an Experiment
                        to be Performed at the SSC by EMPACT/TEXAS}",
      collaboration  = "EMPACT",
      year           = "1990",
      reportNumber   = "SSCL-SR-1155, SSC-LOI0003",
      SLACcitation   = "%%CITATION = SSCL-SR-1155;%%"
}

@article{Atiya:1990uk,
      author         = "Atiya, M. S. and others",
      title          = "{Search for the decay K^+ \rightarrow \pi^+ \gamma \gamma}",
      journal        = "Phys. Rev. Lett.",
      volume         = "65",
      year           = "1990",
      pages          = "1188-1191",
      doi            = "10.1103/PhysRevLett.65.1188",
      reportNumber   = "TRI-PP-90-24, BNL-44701, PRINCETON-HEP-90-01",
      SLACcitation   = "%%CITATION = PRLTA,65,1188;%%"
}

@article{Steiner:1990av,
      author         = "Steiner, R. and others",
      title          = "{EMPACT: Electrons Muons Partons as Air Core Toroids: An
                        Expression of Interest for an Experiment to be Performed
                        at the SSC}",
      collaboration  = "EMPACT",
      year           = "1990",
      reportNumber   = "SSCL-SR-1161, SSC-EOI0006",
      SLACcitation   = "%%CITATION = SSCL-SR-1161;%%"
}

@inproceedings{Ito:1990my,
      author         = "Ito, M. M. and others",
      title          = "{Search for the flavor changing neutral current decay K+
                        \rightarrow \pi^+ neutrino anti-neutrino}",
      booktitle      = "{The Rice Meeting  (DPF 90): Proceedings of the 1990
                        Meeting of the Division of Particles and Fields of the
                        American Physical Society, Houston, USA, January 3-6,
                        1990.}",
      collaboration  = "E787",
      year           = "1990",
      pages          = "495-504",
      SLACcitation   = "%%CITATION = INSPIRE-309993;%%"
}

@article{Atiya:1989fa,
      author         = "Atiya, M. S. and others",
      title          = "{Search for the Decay $K^+ \to \pi^+$ Neutrino
                        Anti-neutrino}",
      journal        = "Phys. Rev. Lett.",
      volume         = "64",
      year           = "1990",
      pages          = "21-24",
      doi            = "10.1103/PhysRevLett.64.21",
      reportNumber   = "BNL-43468, PRIN-HEP-89-02, TRI-PP-89-101",
      SLACcitation   = "%%CITATION = PRLTA,64,21;%%"
}

@article{Atiya:1989ce,
      author         = "Atiya, M. S. and others",
      title          = "{Search for the K^+ \rightarrow \pi^+ + nu anti-nu decay}",
      booktitle      = "{Intense hadron facilities and anti-proton physics.
                        Proceedings, 1st Workshop, Turin, Italy, October 23-25,
                        1989}",
      journal        = "Italian Phys. Soc. Proc.",
      volume         = "26",
      year           = "1990",
      pages          = "99-116",
      SLACcitation   = "%%CITATION = 00314,26,99;%%"
}

@article{Atiya:1989tq,
      author         = "Atiya, M. S. and others",
      title          = "{A Search for a Light Higgs Boson in the Decay $K^+ \to
                        \pi^+ H$, $H \to \mu^+ \mu^-$}",
      journal        = "Phys. Rev. Lett.",
      volume         = "63",
      year           = "1989",
      pages          = "2177",
      doi            = "10.1103/PhysRevLett.63.2177",
      reportNumber   = "BNL-43212, PRINCETON-HEP-89-01, TRI-PP-89-70",
      SLACcitation   = "%%CITATION = PRLTA,63,2177;%%"
}

@inproceedings{Marlow:1989ip,
      author         = "Marlow, Daniel R. and others",
      title          = "{Search for the rare decay K^+ \rightarrow \pi^+ nu anti-nu}",
      booktitle      = "{Second International Symposium on The 4th Family of
                        Quarks and Leptons Santa Monica, California, February
                        23-25, 1989}",
      collaboration  = "E-787",
      year           = "1989",
      pages          = "202-214",
      SLACcitation   = "%%CITATION = INSPIRE-292999;%%"
}

@inproceedings{Atiya:1988pk,
      author         = "Atiya, M. S. and others",
      title          = "{Search for K^+ \rightarrow \pi^+ nu anti-nu}",
      booktitle      = "{Rare decay. Proceedings, Symposium, Vancouver, Canada,
                        November 30-December 3, 1988}",
      collaboration  = "E787",
      year           = "1988",
      pages          = "61-80",
      SLACcitation   = "%%CITATION = INSPIRE-275417;%%"
}

@article{Atiya:1988vv,
      author         = "Atiya, M. S. and others",
      title          = "{A STUDY OF K^+ \rightarrow \pi^+ neutrino anti-neutrino}",
      booktitle      = "{Proton anti-proton interactions and fundamental
                        symmetries. Proceedings, 9th European Symposium, Mainz,
                        F.R. Germany, September 5-10, 1988}",
      journal        = "Nucl. Phys. Proc. Suppl.",
      volume         = "8",
      year           = "1989",
      pages          = "364-371",
      doi            = "10.1016/0920-5632(89)90252-1",
      note           = "[,364(1988)]",
      reportNumber   = "BNL-42146, CONF-8809218-2",
      SLACcitation   = "%%CITATION = NUPHZ,8,364;%%"
}

@article{Atiya:1988se,
      author         = "Atiya, M. and Ito, M. and Haggerty, J. and Ng, C. and
                        Sippach, F. W.",
      title          = "{WAVE FORM DIGITIZING AT 500-MHz}",
      booktitle      = "{IEEE 1988 Nuclear Science Symposium (NSS 1988) Orlando,
                        Florida, November 9-11, 1988}",
      journal        = "IEEE Trans. Nucl. Sci.",
      volume         = "36",
      year           = "1989",
      pages          = "813-817",
      doi            = "10.1109/23.34556",
      reportNumber   = "BNL-42148",
      SLACcitation   = "%%CITATION = IETNA,36,813;%%"
}

@article{Atiya:1988ak,
      author         = "Atiya, M. and Ito, M. and Haggerty, J. and Ng, C. and
                        Sippach, F. W.",
      title          = "{WAVE FORM DIGITIZING AT 500-MHz}",
      booktitle      = "{\#DONE: Nucl. Instrum. Methods A279 (1989) 180-185.}",
      journal        = "Nucl. Instrum. Meth.",
      volume         = "A279",
      year           = "1989",
      pages          = "180-185",
      doi            = "10.1016/0168-9002(89)91078-4",
      reportNumber   = "BNL-41788",
      SLACcitation   = "%%CITATION = NUIMA,A279,180;%%"
}

@article{Csorna:1987ns,
      author         = "Csorna, S. E. and others",
      title          = "{Limit on the Mass of the $\nu_\tau$}",
      collaboration  = "CLEO",
      journal        = "Phys. Rev.",
      volume         = "D35",
      year           = "1987",
      pages          = "2747-2751",
      doi            = "10.1103/PhysRevD.35.2747",
      SLACcitation   = "%%CITATION = PHRVA,D35,2747;%%"
}

@article{Avery:1987cv,
      author         = "Avery, P. and others",
      title          = "{Limits on rare exclusive decays of B mesons}",
      collaboration  = "CLEO",
      journal        = "Phys. Lett.",
      volume         = "B183",
      year           = "1987",
      pages          = "429-433",
      doi            = "10.1016/0370-2693(87)90990-7",
      reportNumber   = "CLNS-86-737, CLEO-86-07",
      SLACcitation   = "%%CITATION = PHLTA,B183,429;%%"
}

@article{Bebek:1987bp,
      author         = "Bebek, C. and others",
      title          = "{Exclusive Decays and Masses of the B Mesons}",
      collaboration  = "CLEO",
      journal        = "Phys. Rev.",
      volume         = "D36",
      year           = "1987",
      pages          = "1289",
      doi            = "10.1103/PhysRevD.36.1289",
      reportNumber   = "CLNS-86-742, CLEO-86-12",
      SLACcitation   = "%%CITATION = PHRVA,D36,1289;%%"
}

@article{Alam:1987rp,
      author         = "Alam, M. S. and others",
      title          = "{Branching Ratios of $B$ Meson to $K^+$, $K^-$ and
                        $K^0/\bar{K}^0$}",
      collaboration  = "CLEO",
      journal        = "Phys. Rev. Lett.",
      volume         = "58",
      year           = "1987",
      pages          = "1814",
      doi            = "10.1103/PhysRevLett.58.1814",
      reportNumber   = "CLNS-87/761, CLEO-87-1",
      SLACcitation   = "%%CITATION = PRLTA,58,1814;%%"
}

@article{Csorna:1987gj,
      author         = "Csorna, S. E. and others",
      title          = "{Measurement of the D0, $D^+$ and $D$ / S+ Meson
                        Lifetimes at $\sqrt{s}=10$.58-{GeV}.}",
      collaboration  = "CLEO",
      journal        = "Phys. Lett.",
      volume         = "B191",
      year           = "1987",
      pages          = "318-322",
      doi            = "10.1016/0370-2693(87)90263-2",
      SLACcitation   = "%%CITATION = PHLTA,B191,318;%%"
}

@article{Gentile:1986sf,
      author         = "Gentile, T. and others",
      title          = "{Search for Magnetically Charged Particles Produced in
                        $e^+ e^-$ Annihilations at $\sqrt{s}=10$.6-{GeV}}",
      collaboration  = "CLEO",
      journal        = "Phys. Rev.",
      volume         = "D35",
      year           = "1987",
      pages          = "1081",
      doi            = "10.1103/PhysRevD.35.1081",
      reportNumber   = "CLNS 86-735, CLEO 86-5",
      SLACcitation   = "%%CITATION = PHRVA,D35,1081;%%"
}

@article{Bowcock:1986um,
      author         = "Bowcock, T. J. V. and others",
      title          = "{Study of $\pi^+ \pi^-$ Transitions From the $\Upsilon$
                        (3s)}",
      booktitle      = "{HADRONS, QUARKS AND GLUONS. PROCEEDINGS, HADRONIC
                        SESSION OF THE 22ND RENCONTRES DE MORIOND, LES ARCS,
                        FRANCE, MARCH 15-21, 1987}",
      collaboration  = "CLEO",
      journal        = "Phys. Rev. Lett.",
      volume         = "58",
      year           = "1987",
      pages          = "307",
      doi            = "10.1103/PhysRevLett.58.307",
      note           = "[,115(1986)]",
      reportNumber   = "CLNS-86/740, CLEO-86-10",
      SLACcitation   = "%%CITATION = PRLTA,58,307;%%"
}

@phdthesis{Ito:1986yg,
      author         = "Ito, Mark Mitsuo",
      title          = "{PHOTON AND NEUTRAL PION PRODUCTION IN THE UPSILON
                        REGION}",
      school         = "Cornell U., LNS",
      url            = "http://wwwlib.umi.com/dissertations/fullcit?p8628428",
      year           = "1986",
      reportNumber   = "UMI-86-28428",
      SLACcitation   = "%%CITATION = UMI-86-28428;%%"
}

@article{Bean:1986hy,
      author         = "Bean, A. and others",
      title          = "{Limits on B0 anti-B0 Mixing and tau (B0) / tau (b+)}",
      booktitle      = "{Proceedings, 23RD International Conference on High
                        Energy Physics, JULY 16-23, 1986, Berkeley, CA}",
      collaboration  = "CLEO",
      journal        = "Phys. Rev. Lett.",
      volume         = "58",
      year           = "1987",
      pages          = "183",
      doi            = "10.1103/PhysRevLett.58.183",
      reportNumber   = "CLNS-86/741, CLEO-86-11",
      SLACcitation   = "%%CITATION = PRLTA,58,183;%%"
}

@article{Alam:1986ic,
      author         = "Alam, M. S. and others",
      title          = "{A Study of the Decay $B \to \psi$ X}",
      collaboration  = "CLEO",
      journal        = "Phys. Rev.",
      volume         = "D34",
      year           = "1986",
      pages          = "3279",
      doi            = "10.1103/PhysRevD.34.3279",
      reportNumber   = "CLNS-86/739, CLEO-86-9",
      SLACcitation   = "%%CITATION = PHRVA,D34,3279;%%"
}

@article{Bortoletto:1986eu,
      author         = "Bortoletto, D. and others",
      title          = "{INCLUSIVE B MESON DECAYS INTO CHARM}",
      booktitle      = "{Proceedings, 23RD International Conference on High
                        Energy Physics, JULY 16-23, 1986, Berkeley, CA}",
      collaboration  = "CLEO",
      journal        = "Phys. Rev.",
      volume         = "D35",
      year           = "1987",
      pages          = "19",
      doi            = "10.1103/PhysRevD.35.19",
      reportNumber   = "CLNS-86-736, CLEO-86-6",
      SLACcitation   = "%%CITATION = PHRVA,D35,19;%%"
}

@article{Haas:1986vr,
      author         = "Haas, P. and others",
      title          = "{Observation of the Decay $B \to$ F X}",
      collaboration  = "CLEO",
      journal        = "Phys. Rev. Lett.",
      volume         = "56",
      year           = "1986",
      pages          = "2781",
      doi            = "10.1103/PhysRevLett.56.2781",
      reportNumber   = "CLNS-86/727, CLEO-86-4",
      SLACcitation   = "%%CITATION = PRLTA,56,2781;%%"
}

@article{Bebek:1986ir,
      author         = "Bebek, C. and others",
      title          = "{The Decay D0 $\to \phi \bar{K}$0}",
      collaboration  = "CLEO",
      journal        = "Phys. Rev. Lett.",
      volume         = "56",
      year           = "1986",
      pages          = "1893",
      doi            = "10.1103/PhysRevLett.56.1893",
      reportNumber   = "CLNS-86/715, CLEO 86-2",
      SLACcitation   = "%%CITATION = PRLTA,56,1893;%%"
}

@article{Bowcock:1986ig,
      author         = "Bowcock, T. J. V. and others",
      title          = "{Upper Limits for the Production of Light Shortlived
                        Neutral Particles in Radiative $\Upsilon$ Decay}",
      collaboration  = "CLEO",
      journal        = "Phys. Rev. Lett.",
      volume         = "56",
      year           = "1986",
      pages          = "2676",
      doi            = "10.1103/PhysRevLett.56.2676",
      reportNumber   = "CLNS-86/719, CLEO-86-3",
      SLACcitation   = "%%CITATION = PRLTA,56,2676;%%"
}

@article{Bean:1986it,
      author         = "Bean, A. and others",
      title          = "{EXCLUSIVE RADIATIVE UPSILON (1S) DECAYS}",
      collaboration  = "CLEO",
      journal        = "Phys. Rev.",
      volume         = "D34",
      year           = "1986",
      pages          = "905",
      doi            = "10.1103/PhysRevD.34.905",
      reportNumber   = "CLNS-86/714, CLEO-86-1",
      SLACcitation   = "%%CITATION = PHRVA,D34,905;%%"
}

@article{Csorna:1985iv,
      author         = "Csorna, S. E. and others",
      title          = "{A Measurement of the Direct Photon Spectrum From the
                        $\Upsilon$ (1s)}",
      collaboration  = "CLEO",
      journal        = "Phys. Rev. Lett.",
      volume         = "56",
      year           = "1986",
      pages          = "1222",
      doi            = "10.1103/PhysRevLett.56.1222",
      reportNumber   = "CLNS-85-713, CLEO-85-9",
      SLACcitation   = "%%CITATION = PRLTA,56,1222;%%"
}

@article{Bortoletto:1985wt,
      author         = "Bortoletto, D. and others",
      title          = "{Inclusive $\phi$ Production in $B$ Meson Decay}",
      collaboration  = "CLEO",
      journal        = "Phys. Rev. Lett.",
      volume         = "56",
      year           = "1986",
      pages          = "800",
      doi            = "10.1103/PhysRevLett.56.800",
      reportNumber   = "CLNS-85/706, CLEO-85-8",
      SLACcitation   = "%%CITATION = PRLTA,56,800;%%"
}

@article{Besson:1985xw,
      author         = "Besson, D. and others",
      title          = "{Search for Monoenergetic Photons From $\Upsilon$ (1s)
                        $\to \gamma$ X}",
      collaboration  = "CLEO",
      journal        = "Phys. Rev.",
      volume         = "D33",
      year           = "1986",
      pages          = "300",
      doi            = "10.1103/PhysRevD.33.300",
      reportNumber   = "CLNS-85/701, CLEO-85-7",
      SLACcitation   = "%%CITATION = PHRVA,D33,300;%%"
}

@article{Bowcock:1985ii,
      author         = "Bowcock, T. J. V. and others",
      title          = "{$\Lambda(c$) Production From $e^+ e^-$ Annihilation in
                        the $\Upsilon$ Energy Region}",
      collaboration  = "CLEO",
      journal        = "Phys. Rev. Lett.",
      volume         = "55",
      year           = "1985",
      pages          = "923",
      doi            = "10.1103/PhysRevLett.55.923",
      reportNumber   = "CLNS-85-659, CLEO-85-6",
      SLACcitation   = "%%CITATION = PRLTA,55,923;%%"
}

@article{Behrends:1985ih,
      author         = "Behrends, S. and others",
      title          = "{MEASUREMENT OF THE MICHEL PARAMETER IN TAU DECAY USING
                        MUONS AND ELECTRONS}",
      collaboration  = "CLEO",
      year           = "1985",
      reportNumber   = "CLNS-85-660, CLEO-85-5",
      SLACcitation   = "%%CITATION = CLNS-85-660;%%"
}

@article{Haas:1985ru,
      author         = "Haas, P. and others",
      title          = "{The Decay $B \to \psi$ X}",
      collaboration  = "CLEO",
      journal        = "Phys. Rev. Lett.",
      volume         = "55",
      year           = "1985",
      pages          = "1248",
      doi            = "10.1103/PhysRevLett.55.1248",
      reportNumber   = "CLNS-85-654, CLEO-85-4",
      SLACcitation   = "%%CITATION = PRLTA,55,1248;%%"
}

@article{Csorna:1985zq,
      author         = "Csorna, S. E. and others",
      title          = "{Inclusive Decay of $B$ Mesons Into Charged $D^*$}",
      collaboration  = "CLEO",
      journal        = "Phys. Rev. Lett.",
      volume         = "54",
      year           = "1985",
      pages          = "1894",
      doi            = "10.1103/PhysRevLett.54.1894",
      reportNumber   = "CLNS-85-640, CLEO-85-2",
      SLACcitation   = "%%CITATION = PRLTA,54,1894;%%"
}

@article{Avery:1985qb,
      author         = "Avery, P. and others",
      title          = "{BOSE-EINSTEIN CORRELATIONS IN E+ E- ANNIHILATIONS IN THE
                        UPSILON REGION}",
      collaboration  = "CLEO",
      journal        = "Phys. Rev.",
      volume         = "D32",
      year           = "1985",
      pages          = "2294-2302",
      doi            = "10.1103/PhysRevD.32.2294",
      note           = "[,174(1985)]",
      SLACcitation   = "%%CITATION = PHRVA,D32,2294;%%"
}

@article{Behrends:1985pm,
      author         = "Behrends, S. and others",
      title          = "{NEW DETERMINATION OF THE MICHEL PARAMETER IN TAU DECAY}",
      collaboration  = "CLEO",
      journal        = "Phys. Rev.",
      volume         = "D32",
      year           = "1985",
      pages          = "2468-2470",
      doi            = "10.1103/PhysRevD.32.2468",
      SLACcitation   = "%%CITATION = PHRVA,D32,2468;%%"
}

@article{Chen:1985zr,
      author         = "Chen, A. and others",
      title          = "{Observation of the Decay $\bar{B}^0 \to D^{*+} \rho^-$}",
      collaboration  = "CLEO",
      journal        = "Phys. Rev.",
      volume         = "D31",
      year           = "1985",
      pages          = "2386",
      doi            = "10.1103/PhysRevD.31.2386",
      reportNumber   = "CLNS-85-636, CLEO-85-1",
      SLACcitation   = "%%CITATION = PHRVA,D31,2386;%%"
}

@article{Besson:1984bd,
      author         = "Besson, D. and others",
      title          = "{Observation of New Structure in the e+ e- Annihilation
                        Cross-Section Above B anti-B Threshold}",
      collaboration  = "CLEO",
      journal        = "Phys. Rev. Lett.",
      volume         = "54",
      year           = "1985",
      pages          = "381",
      doi            = "10.1103/PhysRevLett.54.381",
      reportNumber   = "CLNS-84-629, CLEO-84-8",
      SLACcitation   = "%%CITATION = PRLTA,54,381;%%"
}

@article{Behrends:1984be,
      author         = "Behrends, S. and others",
      title          = "{Inclusive Hadron Production in Upsilon Decays and in
                        Nonresonant electron-Positron Annihilation at 10.49-GeV}",
      collaboration  = "CLEO",
      journal        = "Phys. Rev.",
      volume         = "D31",
      year           = "1985",
      pages          = "2161",
      doi            = "10.1103/PhysRevD.31.2161",
      reportNumber   = "CLNS-84-630, CLEO-84-9",
      SLACcitation   = "%%CITATION = PHRVA,D31,2161;%%"
}

@article{Haas:1984ds,
      author         = "Haas, P. and others",
      title          = "{The Leptonic Branching Ratio of the $\Upsilon$ (2s)}",
      collaboration  = "CLEO",
      journal        = "Phys. Rev.",
      volume         = "D30",
      year           = "1984",
      pages          = "1996",
      doi            = "10.1103/PhysRevD.30.1996",
      reportNumber   = "CLNS-84-616, CLEO-84-7",
      SLACcitation   = "%%CITATION = PHRVA,D30,1996;%%"
}

@article{Giles:1984yg,
      author         = "Giles, R. and others",
      title          = "{Two-Body Decays of B Mesons}",
      collaboration  = "CLEO",
      journal        = "Phys. Rev.",
      volume         = "D30",
      year           = "1984",
      pages          = "2279",
      doi            = "10.1103/PhysRevD.30.2279",
      reportNumber   = "CLNS-84-611, CLEO-84-5",
      SLACcitation   = "%%CITATION = PHRVA,D30,2279;%%"
}

@article{Avery:1984ix,
      author         = "Avery, P. and others",
      title          = "{Upper Limit on Flavor Changing Neutral Current Decays of
                        the $b$ Quark}",
      collaboration  = "CLEO",
      journal        = "Phys. Rev. Lett.",
      volume         = "53",
      year           = "1984",
      pages          = "1309-1313",
      doi            = "10.1103/PhysRevLett.53.1309",
      reportNumber   = "CLNS-84-612, CLEO-84-6",
      SLACcitation   = "%%CITATION = PRLTA,53,1309;%%"
}

@article{Alam:1984ap,
      author         = "Alam, M. S. and others",
      title          = "{Hyperon Production in $e^+ e^-$ Interactions in the
                        $\Upsilon$ Region}",
      collaboration  = "CLEO",
      journal        = "Phys. Rev. Lett.",
      volume         = "53",
      year           = "1984",
      pages          = "24",
      doi            = "10.1103/PhysRevLett.53.24",
      reportNumber   = "CLNS-84/605, CLEO-84/3",
      SLACcitation   = "%%CITATION = PRLTA,53,24;%%"
}

@article{Besson:1984ha,
      author         = "Besson, D. and others",
      title          = "{A High Statistics Study of $\Upsilon$ (2s) $\to \pi^+
                        \pi^- \Upsilon$ (1s)}",
      collaboration  = "CLEO",
      journal        = "Phys. Rev.",
      volume         = "D30",
      year           = "1984",
      pages          = "1433",
      doi            = "10.1103/PhysRevD.30.1433",
      reportNumber   = "CLNS-84/603, CLEO-84-2",
      SLACcitation   = "%%CITATION = PHRVA,D30,1433;%%"
}

@article{Chen:1984ci,
      author         = "Chen, A. and others",
      title          = "{Limit on the B \rightarrow u Coupling from Semileptonic B
                        Decay}",
      collaboration  = "CLEO",
      journal        = "Phys. Rev. Lett.",
      volume         = "52",
      year           = "1984",
      pages          = "1084",
      doi            = "10.1103/PhysRevLett.52.1084",
      reportNumber   = "CLNS-84/597, CLEO-84-1",
      SLACcitation   = "%%CITATION = PRLTA,52,1084;%%"
}

@article{Haas:1983yc,
      author         = "Haas, P. and others",
      title          = "{Observation of Radiative Decays of the $\Upsilon$ (2s)}",
      collaboration  = "CLEO",
      journal        = "Phys. Rev. Lett.",
      volume         = "52",
      year           = "1984",
      pages          = "799",
      doi            = "10.1103/PhysRevLett.52.799",
      reportNumber   = "CLNS-83-591, CLEO-83-12",
      SLACcitation   = "%%CITATION = PRLTA,52,799;%%"
}

@article{Behrends:1983yb,
      author         = "Behrends, S. and others",
      title          = "{A Search for the Xi (2.2) in the $\Upsilon$ Region}",
      collaboration  = "CLEO",
      journal        = "Phys. Lett.",
      volume         = "137B",
      year           = "1984",
      pages          = "277-280",
      doi            = "10.1016/0370-2693(84)90244-2",
      reportNumber   = "CLNS-83/590, CLEO-83-11",
      SLACcitation   = "%%CITATION = PHLTA,137B,277;%%"
}

@article{Giles:1983vq,
      author         = "Giles, R. and others",
      title          = "{The Total Cross-section for Electron - Positron
                        Annihilation Into Hadron Final States in the $\Upsilon$
                        Energy Region}",
      collaboration  = "CLEO",
      journal        = "Phys. Rev.",
      volume         = "D29",
      year           = "1984",
      pages          = "1285",
      doi            = "10.1103/PhysRevD.29.1285",
      reportNumber   = "CLNS-83/586, CLEO-83-10",
      SLACcitation   = "%%CITATION = PHRVA,D29,1285;%%"
}

@inproceedings{Chen:1983cs,
      author         = "Chen, A. and others",
      title          = "{phi MESON PRODUCTION AT THE UPSILON RESONANCES AND THE
                        NEARBY CONTINUUM}",
      booktitle      = "{11th International Symposium on Lepton and Photon
                        Interactions at High Energies Ithaca, New York, August
                        4-9, 1983}",
      year           = "1983",
      reportNumber   = "PRINT-83-0865",
      SLACcitation   = "%%CITATION = PRINT-83-0865;%%"
}

@inproceedings{Giles:1983cr,
      author         = "Giles, R. and others",
      title          = "{A HIGH STATISTICS STUDY OF $\Upsilon(2S) \rightarrow
                        $\pi^+ \pi^- \Upsilon(1S)$}",
      booktitle      = "{11th International Symposium on Lepton and Photon
                        Interactions at High Energies Ithaca, New York, August
                        4-9, 1983}",
      year           = "1983",
      reportNumber   = "PRINT-83-0868",
      SLACcitation   = "%%CITATION = PRINT-83-0868;%%"
}

@inproceedings{Avery:1983cq,
      author         = "Avery, P. and others",
      title          = "{CHARGED HADRON PRODUCTION IN THE UPSILON REGION}",
      booktitle      = "{11th International Symposium on Lepton and Photon
                        Interactions at High Energies Ithaca, New York, August
                        4-9, 1983}",
      year           = "1983",
      reportNumber   = "PRINT-83-0867",
      SLACcitation   = "%%CITATION = PRINT-83-0867;%%"
}

@inproceedings{Green:1983cp,
      author         = "Green, J. and others",
      title          = "{LAMBDA AND K0 PRODUCTION IN THE UPSILON REGION}",
      booktitle      = "{11th International Symposium on Lepton and Photon
                        Interactions at High Energies Ithaca, New York, August
                        4-9, 1983}",
      year           = "1983",
      reportNumber   = "PRINT-83-0866",
      SLACcitation   = "%%CITATION = PRINT-83-0866;%%"
}

@inproceedings{Alam:1983cn,
      author         = "Alam, M. S. and others",
      title          = "{OBSERVATION OF RADIATIVE DECAYS OF THE UPSILON (2S)}",
      booktitle      = "{11th International Symposium on Lepton and Photon
                        Interactions at High Energies Ithaca, New York, August
                        4-9, 1983}",
      year           = "1983",
      reportNumber   = "PRINT-83-0869",
      SLACcitation   = "%%CITATION = PRINT-83-0869;%%"
}

@inproceedings{Green:1983jr,
      author         = "Green, J. and others",
      title          = "{DECAY OF B MESONS TO psi}",
      booktitle      = "{11th International Symposium on Lepton and Photon
                        Interactions at High Energies Ithaca, New York, August
                        4-9, 1983}",
      year           = "1983",
      reportNumber   = "PRINT-83-0724",
      SLACcitation   = "%%CITATION = PRINT-83-0724;%%"
}

@inproceedings{Giles:1983jq,
      author         = "Giles, R. and others",
      title          = "{THE DECAY OF THE B MESON INTO LEPTONS}",
      booktitle      = "{11th International Symposium on Lepton and Photon
                        Interactions at High Energies Ithaca, New York, August
                        4-9, 1983}",
      year           = "1983",
      reportNumber   = "PRINT-83-0723",
      SLACcitation   = "%%CITATION = PRINT-83-0723;%%"
}

@inproceedings{DeWire:1983jp,
      author         = "DeWire, J. W. and others",
      title          = "{MEASUREMENT OF THE INCLUSIVE DIRECT DECAY OF UPSILON
                        (1S) INTO PHOTONS}",
      booktitle      = "{11th International Symposium on Lepton and Photon
                        Interactions at High Energies Ithaca, New York, August
                        4-9, 1983}",
      year           = "1983",
      pages          = "83-582",
      reportNumber   = "PRINT-83-0721",
      SLACcitation   = "%%CITATION = PRINT-83-0721;%%"
}

@inproceedings{Chen:1983jn,
      author         = "Chen, A. and others",
      title          = "{PHOTON MULTIPLICITY AND ENERGY FRACTION OF THE UPSILON
                        (4S) AND NEAR CONTINUUM}",
      booktitle      = "{11th International Symposium on Lepton and Photon
                        Interactions at High Energies Ithaca, New York, August
                        4-9, 1983}",
      year           = "1983",
      reportNumber   = "PRINT-83-0720",
      SLACcitation   = "%%CITATION = PRINT-83-0720;%%"
}

@inproceedings{Alam:1983jm,
      author         = "Alam, M. S. and others",
      title          = "{MEASUREMENT OF B DECAYS INTO D pi+- OR D* pi+- FINAL
                        STATES USING THE CHARGED PARTICLE MOMENTUM SPECTRUM}",
      booktitle      = "{11th International Symposium on Lepton and Photon
                        Interactions at High Energies Ithaca, New York, August
                        4-9, 1983}",
      year           = "1983",
      reportNumber   = "PRINT-83-0719",
      SLACcitation   = "%%CITATION = PRINT-83-0719;%%"
}

@inproceedings{Avery:1983jk,
      author         = "Avery, P. and others",
      title          = "{THE PRODUCTION ANGULAR DISTRIBUTION OF RECONSTRUCTED B
                        MESONS AS EVIDENCE THAT UPSILON (4S) does not yield B*
                        anti-B}",
      booktitle      = "{11th International Symposium on Lepton and Photon
                        Interactions at High Energies Ithaca, New York, August
                        4-9, 1983}",
      year           = "1983",
      reportNumber   = "PRINT-83-0718",
      SLACcitation   = "%%CITATION = PRINT-83-0718;%%"
}

@article{Avery:1983es,
      author         = "Avery, P. and others",
      title          = "{Production of Charmed Mesons in $e^+ e^-$ Annihilation
                        at 10.5-{GeV}}",
      collaboration  = "CLEO",
      journal        = "Phys. Rev. Lett.",
      volume         = "51",
      year           = "1983",
      pages          = "1139",
      doi            = "10.1103/PhysRevLett.51.1139",
      reportNumber   = "CLNS-83-574, CLEO-83-07",
      SLACcitation   = "%%CITATION = PRLTA,51,1139;%%"
}

@article{Green:1983kx,
      author         = "Green, J. and others",
      title          = "{The D0 Spectrum From $B$ Meson Decay}",
      booktitle      = "{11th International Symposium on Lepton and Photon
                        Interactions at High Energies Ithaca, New York, August
                        4-9, 1983}",
      collaboration  = "CLEO",
      journal        = "Phys. Rev. Lett.",
      volume         = "51",
      year           = "1983",
      pages          = "347",
      doi            = "10.1103/PhysRevLett.51.347",
      reportNumber   = "CLNS-83-566, CLEO-83-04",
      SLACcitation   = "%%CITATION = PRLTA,51,347;%%"
}

@article{Chen:1983kr,
      author         = "Chen, A. and others",
      title          = "{Evidence for the F Meson at 1970-MeV}",
      booktitle      = "{11th International Symposium on Lepton and Photon
                        Interactions at High Energies Ithaca, New York, August
                        4-9, 1983}",
      collaboration  = "CLEO",
      journal        = "Phys. Rev. Lett.",
      volume         = "51",
      year           = "1983",
      pages          = "634",
      doi            = "10.1103/PhysRevLett.51.634",
      reportNumber   = "CLNS-83-569, CLEO-83-05",
      SLACcitation   = "%%CITATION = PRLTA,51,634;%%"
}

@article{Alam:1983kq,
      author         = "Alam, M. S. and others",
      title          = "{Observation of Baryons in $B$ Meson Decay}",
      booktitle      = "{11th International Symposium on Lepton and Photon
                        Interactions at High Energies Ithaca, New York, August
                        4-9, 1983}",
      collaboration  = "CLEO",
      journal        = "Phys. Rev. Lett.",
      volume         = "51",
      year           = "1983",
      pages          = "1143",
      doi            = "10.1103/PhysRevLett.51.1143",
      note           = "[,60(1983)]",
      reportNumber   = "CLNS-83-570, CLEO-83-06",
      SLACcitation   = "%%CITATION = PRLTA,51,1143;%%"
}

@article{Chen:1983eu,
      author         = "Chen, A. and others",
      title          = "{Ruling Out Exotic Models of $b$ Quark Decay}",
      booktitle      = "{11th International Symposium on Lepton and Photon
                        Interactions at High Energies Ithaca, New York, August
                        4-9, 1983}",
      collaboration  = "CLEO",
      journal        = "Phys. Lett.",
      volume         = "122B",
      year           = "1983",
      pages          = "317",
      doi            = "10.1016/0370-2693(83)90711-6",
      reportNumber   = "CLNS-82-552, CLEO-82-07",
      SLACcitation   = "%%CITATION = PHLTA,122B,317;%%"
}

@article{Alam:1983et,
      author         = "Alam, M. S. and others",
      title          = "{A Search for Axion Production in $\Upsilon$ Decay}",
      booktitle      = "{11th International Symposium on Lepton and Photon
                        Interactions at High Energies Ithaca, New York, August
                        4-9, 1983}",
      collaboration  = "CLEO",
      journal        = "Phys. Rev.",
      volume         = "D27",
      year           = "1983",
      pages          = "1665",
      doi            = "10.1103/PhysRevD.27.1665",
      reportNumber   = "CLNS-82-554, CLEO-82-08",
      SLACcitation   = "%%CITATION = PHRVA,D27,1665;%%"
}

@article{Andrews:1983es,
      author         = "Andrews, D. and others",
      title          = "{A Measurement of the Leptonic Branching Ratios of the
                        $\Upsilon$ (1s), $\Upsilon$ (2s), and $\Upsilon$ (3s)}",
      booktitle      = "{11th International Symposium on Lepton and Photon
                        Interactions at High Energies Ithaca, New York, August
                        4-9, 1983}",
      collaboration  = "CLEO",
      journal        = "Phys. Rev. Lett.",
      volume         = "50",
      year           = "1983",
      pages          = "807",
      doi            = "10.1103/PhysRevLett.50.807",
      reportNumber   = "CLNS-83-555, CLEO-83-01",
      SLACcitation   = "%%CITATION = PRLTA,50,807;%%"
}

@article{Behrends:1983er,
      author         = "Behrends, S. and others",
      title          = "{Observation of Exclusive Decay Modes of B Flavored
                        Mesons}",
      booktitle      = "{11th International Symposium on Lepton and Photon
                        Interactions at High Energies Ithaca, New York, August
                        4-9, 1983}",
      collaboration  = "CLEO",
      journal        = "Phys. Rev. Lett.",
      volume         = "50",
      year           = "1983",
      pages          = "881-884",
      doi            = "10.1103/PhysRevLett.50.881",
      reportNumber   = "CLNS-83-557, CLEO-83-03",
      SLACcitation   = "%%CITATION = PRLTA,50,881;%%"
}

@article{Giles:1983eq,
      author         = "Giles, R. and others",
      title          = "{A Measurement of the Branching Fraction of the Decay
                        $\Upsilon$ (1s) $\to \tau^+ \tau^-$}",
      booktitle      = "{11th International Symposium on Lepton and Photon
                        Interactions at High Energies Ithaca, New York, August
                        4-9, 1983}",
      collaboration  = "CLEO",
      journal        = "Phys. Rev. Lett.",
      volume         = "50",
      year           = "1983",
      pages          = "877",
      doi            = "10.1103/PhysRevLett.50.877",
      reportNumber   = "CLNS-83-556, CLEO-83-02",
      SLACcitation   = "%%CITATION = PRLTA,50,877;%%"
}

@article{Bebek:1982uc,
      author         = "Bebek, C. and others",
      title          = "{Inclusive Charged $D^*$ Production in $e^+ e^-$
                        Annihilations at $W=10$.4-{GeV}}",
      collaboration  = "CLEO",
      journal        = "Phys. Rev. Lett.",
      volume         = "49",
      year           = "1982",
      pages          = "610",
      doi            = "10.1103/PhysRevLett.49.610",
      reportNumber   = "CLEO/82-01, CLNS 82/534",
      SLACcitation   = "%%CITATION = PRLTA,49,610;%%"
}

@article{Green:1982tz,
      author         = "Green, J. and others",
      title          = "{A Measurement of the Branching Ratio of $\Upsilon$ (3s)
                        $\to \pi^+ \pi^- \Upsilon$ (1s)}",
      booktitle      = "{11th International Symposium on Lepton and Photon
                        Interactions at High Energies Ithaca, New York, August
                        4-9, 1983}",
      collaboration  = "CLEO",
      journal        = "Phys. Rev. Lett.",
      volume         = "49",
      year           = "1982",
      pages          = "617",
      doi            = "10.1103/PhysRevLett.49.617",
      reportNumber   = "CLEO-82-03, CLNS-82-537",
      SLACcitation   = "%%CITATION = PRLTA,49,617;%%"
}
